<?xml version="1.0" encoding="UTF-8"?>
<!DOCTYPE html PUBLIC "-//W3C//DTD XHTML 1.0 Transitional//EN"
    "http://www.w3.org/TR/xhtml1/DTD/xhtml1-transitional.dtd">
<html xmlns="http://www.w3.org/1999/xhtml" xml:lang="en" lang="en">
 <head>
  <title>
</title>
<meta http-equiv="Content-Type" content="text/html;charset=utf-8" />
  <meta name='ocr-system' content='tesseract 3.04.00' />
  <meta name='ocr-capabilities' content='ocr_page ocr_carea ocr_par ocr_line ocrx_word'/>
</head>
<body>
  <div class='ocr_page' id='page_1' title='image "./deofficiisminis01krabgoog_0068.png"; bbox 0 0 2932 4700; ppageno 0'>
   <div class='ocr_carea' id='block_1_1' title="bbox 395 298 1235 375">
    <p class='ocr_par' dir='ltr' id='par_1_1' title="bbox 395 298 1235 375">
     <span class='ocr_line' id='line_1_1' title="bbox 395 298 1235 375; baseline 0 -15"><span class='ocrx_word' id='word_1_1' title='bbox 395 303 441 360; x_wconf 81' lang='lat' dir='ltr'><strong>us</strong></span> <span class='ocrx_word' id='word_1_2' title='bbox 460 302 596 360; x_wconf 81' lang='lat' dir='ltr'><strong>ornans</strong></span> <span class='ocrx_word' id='word_1_3' title='bbox 614 298 987 360; x_wconf 75' lang='lat' dir='ltr'><strong>mnsaaoauuumunr.</strong></span> <span class='ocrx_word' id='word_1_4' title='bbox 1194 311 1235 375; x_wconf 80' lang='lat'><strong>55</strong></span> 
     </span>
    </p>
   </div>
   <div class='ocr_carea' id='block_1_2' title="bbox 135 465 1287 1685">
    <p class='ocr_par' dir='ltr' id='par_1_2' title="bbox 135 465 1236 775">
     <span class='ocr_line' id='line_1_2' title="bbox 135 465 1236 549; baseline 0.003 -20"><span class='ocrx_word' id='word_1_5' title='bbox 135 465 363 549; x_wconf 86' lang='lat' dir='ltr'><strong>verecmrdiam,</strong></span> <span class='ocrx_word' id='word_1_6' title='bbox 385 485 463 549; x_wconf 92' lang='lat' dir='ltr'><strong>quae</strong></span> <span class='ocrx_word' id='word_1_7' title='bbox 485 473 659 532; x_wconf 91' lang='lat' dir='ltr'><strong>ornamento</strong></span> <span class='ocrx_word' id='word_1_8' title='bbox 682 471 751 534; x_wconf 89' lang='lat' dir='ltr'><strong>sunt</strong></span> <span class='ocrx_word' id='word_1_9' title='bbox 772 465 879 530; x_wconf 93' lang='lat' dir='ltr'><strong>minori</strong></span> <span class='ocrx_word' id='word_1_10' title='bbox 904 467 999 529; x_wconf 84' lang='lat' dir='ltr'><strong>aeuu.</strong></span> <span class='ocrx_word' id='word_1_11' title='bbox 1043 467 1081 530; x_wconf 89' lang='lat' dir='ltr'><strong>Ut</strong></span> <span class='ocrx_word' id='word_1_12' title='bbox 1105 467 1182 530; x_wconf 87' lang='lat' dir='ltr'><strong>enim</strong></span> <span class='ocrx_word' id='word_1_13' title='bbox 1205 469 1236 532; x_wconf 93' lang='lat' dir='ltr'><strong>in</strong></span> 
     </span>
     <span class='ocr_line' id='line_1_3' title="bbox 135 577 1234 665; baseline -0.001 -21"><span class='ocrx_word' id='word_1_14' title='bbox 135 581 264 645; x_wconf 80' lang='lat' dir='ltr'><strong>senibus</strong></span> <span class='ocrx_word' id='word_1_15' title='bbox 288 581 435 665; x_wconf 79' lang='lat' dir='ltr'><strong>gravitas,</strong></span> <span class='ocrx_word' id='word_1_16' title='bbox 466 581 497 641; x_wconf 93' lang='lat' dir='ltr'><strong>in</strong></span> <span class='ocrx_word' id='word_1_17' title='bbox 519 579 676 642; x_wconf 87' lang='lat' dir='ltr'><strong>iuvenibus</strong></span> <span class='ocrx_word' id='word_1_18' title='bbox 700 579 855 659; x_wconf 75' lang='lat' dir='ltr'><strong>alacritas,</strong></span> <span class='ocrx_word' id='word_1_19' title='bbox 885 579 923 641; x_wconf 91' lang='lat' dir='ltr'><strong>ita</strong></span> <span class='ocrx_word' id='word_1_20' title='bbox 946 577 976 640; x_wconf 91' lang='lat' dir='ltr'><strong>in</strong></span> <span class='ocrx_word' id='word_1_21' title='bbox 998 577 1234 643; x_wconf 82' lang='lat' dir='ltr'><strong>adulescentibus</strong></span> 
     </span>
     <span class='ocr_line' id='line_1_4' title="bbox 135 691 1078 775; baseline -0.002 -19"><span class='ocrx_word' id='word_1_22' title='bbox 135 692 336 773; x_wconf 87' lang='lat' dir='ltr'><strong>verecundia,</strong></span> <span class='ocrx_word' id='word_1_23' title='bbox 361 693 441 757; x_wconf 88' lang='lat' dir='ltr'><strong>uelut</strong></span> <span class='ocrx_word' id='word_1_24' title='bbox 463 692 588 775; x_wconf 90' lang='lat' dir='ltr'><strong>quadam</strong></span> <span class='ocrx_word' id='word_1_25' title='bbox 611 692 680 755; x_wconf 91' lang='lat' dir='ltr'><strong>dote</strong></span> <span class='ocrx_word' id='word_1_26' title='bbox 703 691 925 756; x_wconf 87' lang='lat' dir='ltr'><strong>commendatur</strong></span> <span class='ocrx_word' id='word_1_27' title='bbox 947 699 1078 755; x_wconf 90' lang='lat' dir='ltr'><strong>naturae.</strong></span> 
     </span>
    </p>

    <p class='ocr_par' dir='ltr' id='par_1_3' title="bbox 135 793 1287 1685">
     <span class='ocr_line' id='line_1_5' title="bbox 231 793 1234 889; baseline -0.002 -17"><span class='ocrx_word' id='word_1_28' title='bbox 231 803 281 872; x_wconf 85' lang='grc'><strong>66.</strong></span> <span class='ocrx_word' id='word_1_29' title='bbox 325 805 395 870; x_wconf 83' lang='lat' dir='ltr'><strong>Erat</strong></span> <span class='ocrx_word' id='word_1_30' title='bbox 418 805 500 870; x_wconf 84' lang='lat' dir='ltr'><strong>Isaac</strong></span> <span class='ocrx_word' id='word_1_31' title='bbox 514 793 671 871; x_wconf 69' lang='lat' dir='ltr'><strong>&#39;dominum</strong></span> <span class='ocrx_word' id='word_1_32' title='bbox 694 809 810 886; x_wconf 86' lang='lat' dir='ltr'><strong>timens,</strong></span> <span class='ocrx_word' id='word_1_33' title='bbox 832 813 935 889; x_wconf 92' lang='lat' dir='ltr'><strong>utpote</strong></span> <span class='ocrx_word' id='word_1_34' title='bbox 950 806 1087 869; x_wconf 84' lang='lat' dir='ltr'><strong>Abrahae</strong></span> <span class='ocrx_word' id='word_1_35' title='bbox 1108 805 1234 888; x_wconf 89' lang='lat' dir='ltr'><strong>indoles,</strong></span> 
     </span>
     <span class='ocr_line' id='line_1_6' title="bbox 136 918 1233 1002; baseline -0.001 -19"><span class='ocrx_word' id='word_1_36' title='bbox 136 919 286 984; x_wconf 81' lang='lat' dir='ltr'><strong>deierans</strong></span> <span class='ocrx_word' id='word_1_37' title='bbox 307 920 383 1002; x_wconf 90' lang='lat' dir='ltr'><strong>patri</strong></span> <span class='ocrx_word' id='word_1_38' title='bbox 406 936 503 1002; x_wconf 90' lang='lat' dir='ltr'><strong>usque</strong></span> <span class='ocrx_word' id='word_1_39' title='bbox 526 919 619 999; x_wconf 91' lang='lat' dir='ltr'><strong>adeo,</strong></span> <span class='ocrx_word' id='word_1_40' title='bbox 653 926 685 982; x_wconf 89' lang='lat' dir='ltr'><strong>ut</strong></span> <span class='ocrx_word' id='word_1_41' title='bbox 713 918 858 982; x_wconf 86' lang='lat' dir='ltr'><strong>adversus</strong></span> <span class='ocrx_word' id='word_1_42' title='bbox 880 925 1030 1001; x_wconf 88' lang='lat' dir='ltr'><strong>paternam</strong></span> <span class='ocrx_word' id='word_1_43' title='bbox 1053 919 1233 984; x_wconf 88' lang='lat' dir='ltr'><strong>voluntatem</strong></span> 
     </span>
     <span class='ocr_line' id='line_1_7' title="bbox 135 1030 1233 1118; baseline -0.001 -21"><span class='ocrx_word' id='word_1_44' title='bbox 135 1053 202 1097; x_wconf 88' lang='lat' dir='ltr'><strong>nec</strong></span> <span class='ocrx_word' id='word_1_45' title='bbox 224 1039 348 1097; x_wconf 90' lang='lat' dir='ltr'><strong>mortem</strong></span> <span class='ocrx_word' id='word_1_46' title='bbox 369 1041 531 1097; x_wconf 82' lang='lat' dir='ltr'><strong>recusaret.</strong></span> <span class='ocrx_word' id='word_1_47' title='bbox 546 1030 577 1118; x_wconf 84' lang='lat'><strong>¹)</strong></span> <span class='ocrx_word' id='word_1_48' title='bbox 613 1033 720 1115; x_wconf 91' lang='lat' dir='ltr'><strong>losepb</strong></span> <span class='ocrx_word' id='word_1_49' title='bbox 743 1052 864 1116; x_wconf 90' lang='lat' dir='ltr'><strong>quoque</strong></span> <span class='ocrx_word' id='word_1_50' title='bbox 880 1051 945 1098; x_wconf 90' lang='lat' dir='ltr'><strong>cum</strong></span> <span class='ocrx_word' id='word_1_51' title='bbox 961 1035 1139 1098; x_wconf 87' lang='lat' dir='ltr'><strong>somniasset</strong></span> <span class='ocrx_word' id='word_1_52' title='bbox 1154 1033 1233 1116; x_wconf 92' lang='lat' dir='ltr'><strong>quod</strong></span> 
     </span>
     <span class='ocr_line' id='line_1_8' title="bbox 136 1131 1233 1229; baseline -0.005 -13"><span class='ocrx_word' id='word_1_53' title='bbox 136 1151 188 1216; x_wconf 90' lang='lat' dir='ltr'><strong>sol</strong></span> <span class='ocrx_word' id='word_1_54' title='bbox 211 1156 241 1213; x_wconf 91' lang='lat' dir='ltr'><strong>et</strong></span> <span class='ocrx_word' id='word_1_55' title='bbox 260 1150 330 1213; x_wconf 91' lang='lat' dir='ltr'><strong>luna</strong></span> <span class='ocrx_word' id='word_1_56' title='bbox 354 1155 384 1211; x_wconf 90' lang='lat' dir='ltr'><strong>et</strong></span> <span class='ocrx_word' id='word_1_57' title='bbox 406 1148 510 1212; x_wconf 87' lang='lat' dir='ltr'><strong>stellae</strong></span> <span class='ocrx_word' id='word_1_58' title='bbox 532 1148 693 1214; x_wconf 83' lang='lat' dir='ltr'><strong>adorarent</strong></span> <span class='ocrx_word' id='word_1_59' title='bbox 715 1167 800 1229; x_wconf 87' lang='lat' dir='ltr'><strong>eum,</strong></span> <span class='ocrx_word' id='word_1_60' title='bbox 833 1131 937 1214; x_wconf 89' lang='lat' dir='ltr'><strong>sedulo</strong></span> <span class='ocrx_word' id='word_1_61' title='bbox 965 1155 1063 1212; x_wconf 88' lang='lat' dir='ltr'><strong>tamen</strong></span> <span class='ocrx_word' id='word_1_62' title='bbox 1089 1149 1233 1229; x_wconf 90' lang='lat' dir='ltr'><strong>obsequio</strong></span> 
     </span>
     <span class='ocr_line' id='line_1_9' title="bbox 138 1257 1233 1345; baseline -0.004 -18"><span class='ocrx_word' id='word_1_63' title='bbox 138 1263 298 1327; x_wconf 82' lang='lat' dir='ltr'><strong>deserebat</strong></span> <span class='ocrx_word' id='word_1_64' title='bbox 319 1263 412 1344; x_wconf 91' lang='lat' dir='ltr'><strong>patri,</strong></span> <span class='ocrx_word' id='word_1_65' title='bbox 428 1257 460 1345; x_wconf 79' lang='lat'><strong>²)</strong></span> <span class='ocrx_word' id='word_1_66' title='bbox 484 1268 599 1341; x_wconf 87' lang='lat' dir='ltr'><strong>castus,</strong></span> <span class='ocrx_word' id='word_1_67' title='bbox 623 1263 661 1324; x_wconf 88' lang='lat' dir='ltr'><strong>ita</strong></span> <span class='ocrx_word' id='word_1_68' title='bbox 684 1269 716 1324; x_wconf 93' lang='lat' dir='ltr'><strong>ut</strong></span> <span class='ocrx_word' id='word_1_69' title='bbox 737 1280 776 1324; x_wconf 91' lang='lat' dir='ltr'><strong>ne</strong></span> <span class='ocrx_word' id='word_1_70' title='bbox 798 1279 968 1325; x_wconf 90' lang='lat' dir='ltr'><strong>sermonem</strong></span> <span class='ocrx_word' id='word_1_71' title='bbox 991 1260 1108 1343; x_wconf 90' lang='lat' dir='ltr'><strong>quidem</strong></span> <span class='ocrx_word' id='word_1_72' title='bbox 1131 1260 1233 1324; x_wconf 90' lang='lat' dir='ltr'><strong>audire</strong></span> 
     </span>
     <span class='ocr_line' id='line_1_10' title="bbox 138 1369 1287 1455; baseline -0.001 -17"><span class='ocrx_word' id='word_1_73' title='bbox 138 1375 249 1454; x_wconf 81' lang='lat' dir='ltr'><strong>vebat,</strong></span> <span class='ocrx_word' id='word_1_74' title='bbox 281 1373 337 1437; x_wconf 86' lang='lat' dir='ltr'><strong>nisi</strong></span> <span class='ocrx_word' id='word_1_75' title='bbox 359 1371 516 1455; x_wconf 82' lang='lat' dir='ltr'><strong>pudicum3</strong></span> <span class='ocrx_word' id='word_1_76' title='bbox 533 1369 564 1455; x_wconf 81' lang='lat'><strong>³)</strong></span> <span class='ocrx_word' id='word_1_77' title='bbox 597 1371 712 1436; x_wconf 87' lang='lat' dir='ltr'><strong>humilis</strong></span> <span class='ocrx_word' id='word_1_78' title='bbox 742 1390 836 1454; x_wconf 88' lang='lat' dir='ltr'><strong>usque</strong></span> <span class='ocrx_word' id='word_1_79' title='bbox 859 1372 896 1434; x_wconf 91' lang='lat' dir='ltr'><strong>ad</strong></span> <span class='ocrx_word' id='word_1_80' title='bbox 919 1375 1109 1453; x_wconf 79' lang='lat' dir='ltr'><strong>servitutem,</strong></span> <span class='ocrx_word' id='word_1_81' title='bbox 1139 1391 1233 1438; x_wconf 90' lang='lat' dir='ltr'><strong>vere·</strong></span> <span class='ocrx_word' id='word_1_82' title='bbox 1284 1399 1287 1407; x_wconf 51' lang='lat'><strong><em>¹</em></strong></span> 
     </span>
     <span class='ocr_line' id='line_1_11' title="bbox 140 1485 1233 1569; baseline 0.001 -17"><span class='ocrx_word' id='word_1_83' title='bbox 140 1485 259 1552; x_wconf 87' lang='lat' dir='ltr'><strong>curdus</strong></span> <span class='ocrx_word' id='word_1_84' title='bbox 280 1503 375 1569; x_wconf 89' lang='lat' dir='ltr'><strong>usque</strong></span> <span class='ocrx_word' id='word_1_85' title='bbox 398 1485 434 1549; x_wconf 89' lang='lat' dir='ltr'><strong>ad</strong></span> <span class='ocrx_word' id='word_1_86' title='bbox 458 1485 566 1568; x_wconf 84' lang='lat' dir='ltr'><strong>lugam,</strong></span> <span class='ocrx_word' id='word_1_87' title='bbox 589 1488 703 1567; x_wconf 88' lang='lat' dir='ltr'><strong>patiens</strong></span> <span class='ocrx_word' id='word_1_88' title='bbox 726 1486 880 1568; x_wconf 90' lang='lat' dir='ltr'><strong>usquead</strong></span> <span class='ocrx_word' id='word_1_89' title='bbox 903 1503 1063 1568; x_wconf 86' lang='lat' dir='ltr'><strong>carcerem,</strong></span> <span class='ocrx_word' id='word_1_90' title='bbox 1089 1489 1233 1553; x_wconf 87' lang='lat' dir='ltr'><strong>remissor</strong></span> 
     </span>
     <span class='ocr_line' id='line_1_12' title="bbox 139 1600 1232 1685; baseline 0 -18"><span class='ocrx_word' id='word_1_91' title='bbox 139 1605 268 1668; x_wconf 91' lang='lat' dir='ltr'><strong>iniuriae</strong></span> <span class='ocrx_word' id='word_1_92' title='bbox 296 1619 393 1685; x_wconf 88' lang='lat' dir='ltr'><strong>usque</strong></span> <span class='ocrx_word' id='word_1_93' title='bbox 423 1600 460 1664; x_wconf 89' lang='lat' dir='ltr'><strong>ad</strong></span> <span class='ocrx_word' id='word_1_94' title='bbox 489 1601 766 1666; x_wconf 86' lang='lat' dir='ltr'><strong>remunerationem.</strong></span> <span class='ocrx_word' id='word_1_95' title='bbox 819 1600 908 1666; x_wconf 83' lang='lat' dir='ltr'><strong>Cuius</strong></span> <span class='ocrx_word' id='word_1_96' title='bbox 942 1609 1020 1666; x_wconf 88' lang='lat' dir='ltr'><strong>tanta</strong></span> <span class='ocrx_word' id='word_1_97' title='bbox 1052 1603 1232 1667; x_wconf 88' lang='lat' dir='ltr'><strong>verecundia</strong></span> 
     </span>
    </p>
   </div>
   <div class='ocr_carea' id='block_1_3' title="bbox 19 1714 1231 1800">
    <p class='ocr_par' dir='ltr' id='par_1_4' title="bbox 19 1714 1231 1800">
     <span class='ocr_line' id='line_1_13' title="bbox 19 1714 1231 1800; baseline 0 -22"><span class='ocrx_word' id='word_1_98' title='bbox 19 1765 22 1778; x_wconf 92' lang='lat'><strong>.</strong></span> <span class='ocrx_word' id='word_1_99' title='bbox 139 1718 207 1798; x_wconf 83' lang='lat' dir='ltr'><strong>suit,</strong></span> <span class='ocrx_word' id='word_1_100' title='bbox 229 1724 262 1780; x_wconf 89' lang='lat' dir='ltr'><strong>ut</strong></span> <span class='ocrx_word' id='word_1_101' title='bbox 284 1714 508 1799; x_wconf 88' lang='lat' dir='ltr'><strong>conprehensus</strong></span> <span class='ocrx_word' id='word_1_102' title='bbox 530 1731 547 1775; x_wconf 92' lang='lat' dir='ltr'><strong>a</strong></span> <span class='ocrx_word' id='word_1_103' title='bbox 569 1714 694 1776; x_wconf 86' lang='lat' dir='ltr'><strong>muliere</strong></span> <span class='ocrx_word' id='word_1_104' title='bbox 709 1720 822 1777; x_wconf 87' lang='lat' dir='ltr'><strong>vestem</strong></span> <span class='ocrx_word' id='word_1_105' title='bbox 838 1716 866 1778; x_wconf 92' lang='lat' dir='ltr'><strong>in</strong></span> <span class='ocrx_word' id='word_1_106' title='bbox 883 1715 1016 1778; x_wconf 88' lang='lat' dir='ltr'><strong>manibus</strong></span> <span class='ocrx_word' id='word_1_107' title='bbox 1033 1716 1097 1783; x_wconf 86' lang='lat' dir='ltr'><strong>eius</strong></span> <span class='ocrx_word' id='word_1_108' title='bbox 1112 1714 1231 1800; x_wconf 83' lang='lat' dir='ltr'><strong>fugiens</strong></span> 
     </span>
    </p>
   </div>
   <div class='ocr_carea' id='block_1_4' title="bbox 139 1825 1231 2238">
    <p class='ocr_par' dir='ltr' id='par_1_5' title="bbox 139 1825 1231 2238">
     <span class='ocr_line' id='line_1_14' title="bbox 139 1825 1231 1914; baseline -0.002 -19"><span class='ocrx_word' id='word_1_109' title='bbox 139 1831 242 1896; x_wconf 86' lang='lat' dir='ltr'><strong>mallet</strong></span> <span class='ocrx_word' id='word_1_110' title='bbox 270 1831 459 1912; x_wconf 84' lang='lat' dir='ltr'><strong>relinquere,</strong></span> <span class='ocrx_word' id='word_1_111' title='bbox 490 1845 578 1910; x_wconf 87' lang='lat' dir='ltr'><strong>quam</strong></span> <span class='ocrx_word' id='word_1_112' title='bbox 608 1828 816 1892; x_wconf 91' lang='lat' dir='ltr'><strong>verecundiam</strong></span> <span class='ocrx_word' id='word_1_113' title='bbox 849 1829 1009 1911; x_wconf 88' lang='lat' dir='ltr'><strong>deponere.</strong></span> <span class='ocrx_word' id='word_1_114' title='bbox 1054 1829 1175 1913; x_wconf 78' lang='lat' dir='ltr'><strong>Moyses</strong></span> <span class='ocrx_word' id='word_1_115' title='bbox 1199 1825 1231 1914; x_wconf 80' lang='lat'><strong>⁴)</strong></span> 
     </span>
     <span class='ocr_line' id='line_1_15' title="bbox 141 1939 1231 2028; baseline 0.001 -20"><span class='ocrx_word' id='word_1_116' title='bbox 141 1963 263 2028; x_wconf 92' lang='lat' dir='ltr'><strong>quoque</strong></span> <span class='ocrx_word' id='word_1_117' title='bbox 285 1951 315 2008; x_wconf 88' lang='lat' dir='ltr'><strong>et</strong></span> <span class='ocrx_word' id='word_1_118' title='bbox 333 1943 495 2008; x_wconf 84' lang='lat' dir='ltr'><strong>Hieremias</strong></span> <span class='ocrx_word' id='word_1_119' title='bbox 512 1939 545 2027; x_wconf 84' lang='lat'><strong>⁵)</strong></span> <span class='ocrx_word' id='word_1_120' title='bbox 568 1943 655 2006; x_wconf 87' lang='lat' dir='ltr'><strong>electi</strong></span> <span class='ocrx_word' id='word_1_121' title='bbox 678 1961 694 2006; x_wconf 89' lang='lat' dir='ltr'><strong>a</strong></span> <span class='ocrx_word' id='word_1_122' title='bbox 718 1944 848 2024; x_wconf 91' lang='lat' dir='ltr'><strong>domino,</strong></span> <span class='ocrx_word' id='word_1_123' title='bbox 871 1951 903 2006; x_wconf 92' lang='lat' dir='ltr'><strong>ut</strong></span> <span class='ocrx_word' id='word_1_124' title='bbox 925 1944 1045 2008; x_wconf 88' lang='lat' dir='ltr'><strong>oracula</strong></span> <span class='ocrx_word' id='word_1_125' title='bbox 1068 1944 1117 2008; x_wconf 89' lang='lat' dir='ltr'><strong>dei</strong></span> <span class='ocrx_word' id='word_1_126' title='bbox 1138 1964 1231 2027; x_wconf 86' lang='lat' dir='ltr'><strong>prae-</strong></span> 
     </span>
     <span class='ocr_line' id='line_1_16' title="bbox 142 2054 1231 2142; baseline -0.002 -18"><span class='ocrx_word' id='word_1_127' title='bbox 142 2061 275 2124; x_wconf 87' lang='lat' dir='ltr'><strong>dicarent</strong></span> <span class='ocrx_word' id='word_1_128' title='bbox 296 2059 424 2142; x_wconf 92' lang='lat' dir='ltr'><strong>populo,</strong></span> <span class='ocrx_word' id='word_1_129' title='bbox 454 2054 534 2138; x_wconf 93' lang='lat' dir='ltr'><strong>quod</strong></span> <span class='ocrx_word' id='word_1_130' title='bbox 556 2061 692 2138; x_wconf 90' lang='lat' dir='ltr'><strong>poterant</strong></span> <span class='ocrx_word' id='word_1_131' title='bbox 715 2058 933 2140; x_wconf 83' lang='lat' dir='ltr'><strong>pergratiam,</strong></span> <span class='ocrx_word' id='word_1_132' title='bbox 966 2058 1147 2122; x_wconf 85' lang='lat' dir='ltr'><strong>excusabant</strong></span> <span class='ocrx_word' id='word_1_133' title='bbox 1176 2077 1231 2141; x_wconf 87' lang='lat' dir='ltr'><strong>per</strong></span> 
     </span>
     <span class='ocr_line' id='line_1_17' title="bbox 141 2171 360 2238; baseline -0.018 0"><span class='ocrx_word' id='word_1_134' title='bbox 141 2171 360 2238; x_wconf 85' lang='lat' dir='ltr'><strong>uerecundiam.</strong></span> 
     </span>
    </p>
   </div>
   <div class='ocr_carea' id='block_1_5' title="bbox 524 2368 849 2436">
    <p class='ocr_par' dir='ltr' id='par_1_6' title="bbox 524 2368 849 2436">
     <span class='ocr_line' id='line_1_18' title="bbox 524 2368 849 2436; baseline -0.009 0"><span class='ocrx_word' id='word_1_135' title='bbox 524 2369 692 2436; x_wconf 82' lang='lat' dir='ltr'><strong>CAPUT</strong></span> <span class='ocrx_word' id='word_1_136' title='bbox 725 2368 849 2436; x_wconf 90' lang='lat' dir='ltr'><strong>XVIII.</strong></span> 
     </span>
    </p>
   </div>
   <div class='ocr_carea' id='block_1_6' title="bbox 138 2529 1229 3109">
    <p class='ocr_par' dir='ltr' id='par_1_7' title="bbox 140 2529 1229 2601">
     <span class='ocr_line' id='line_1_19' title="bbox 140 2529 1229 2601; baseline 0.003 -18"><span class='ocrx_word' id='word_1_137' title='bbox 140 2529 181 2583; x_wconf 85' lang='lat' dir='ltr'><strong>De</strong></span> <span class='ocrx_word' id='word_1_138' title='bbox 201 2530 314 2599; x_wconf 90' lang='lat' dir='ltr'><strong>partibus</strong></span> <span class='ocrx_word' id='word_1_139' title='bbox 331 2529 512 2595; x_wconf 80' lang='lat' dir='ltr'><strong>verecundiae,</strong></span> <span class='ocrx_word' id='word_1_140' title='bbox 531 2529 743 2598; x_wconf 89' lang='lat' dir='ltr'><strong>quemadmodum</strong></span> <span class='ocrx_word' id='word_1_141' title='bbox 760 2545 903 2583; x_wconf 89' lang='lat' dir='ltr'><strong>sermonem</strong></span> <span class='ocrx_word' id='word_1_142' title='bbox 916 2545 947 2584; x_wconf 90' lang='lat' dir='ltr'><strong>ac</strong></span> <span class='ocrx_word' id='word_1_143' title='bbox 959 2530 1085 2584; x_wconf 87' lang='lat' dir='ltr'><strong>silentium</strong></span> <span class='ocrx_word' id='word_1_144' title='bbox 1095 2541 1229 2601; x_wconf 86' lang='lat' dir='ltr'><strong>temperet,</strong></span> 
     </span>
    </p>

    <p class='ocr_par' dir='ltr' id='par_1_8' title="bbox 139 2618 1229 2690">
     <span class='ocr_line' id='line_1_20' title="bbox 139 2618 1229 2690; baseline 0.001 -18"><span class='ocrx_word' id='word_1_145' title='bbox 139 2621 286 2690; x_wconf 84' lang='lat' dir='ltr'><strong>pudicitiam</strong></span> <span class='ocrx_word' id='word_1_146' title='bbox 305 2621 454 2684; x_wconf 86' lang='lat' dir='ltr'><strong>comitetur,</strong></span> <span class='ocrx_word' id='word_1_147' title='bbox 478 2633 569 2685; x_wconf 85' lang='lat' dir='ltr'><strong>proces</strong></span> <span class='ocrx_word' id='word_1_148' title='bbox 587 2625 686 2670; x_wconf 86' lang='lat' dir='ltr'><strong>nostras</strong></span> <span class='ocrx_word' id='word_1_149' title='bbox 705 2618 754 2670; x_wconf 86' lang='lat' dir='ltr'><strong>deo</strong></span> <span class='ocrx_word' id='word_1_150' title='bbox 774 2619 947 2685; x_wconf 82' lang='lat' dir='ltr'><strong>commendet,</strong></span> <span class='ocrx_word' id='word_1_151' title='bbox 972 2619 1082 2672; x_wconf 88' lang='lat' dir='ltr'><strong>motibus</strong></span> <span class='ocrx_word' id='word_1_152' title='bbox 1100 2624 1229 2689; x_wconf 87' lang='lat' dir='ltr'><strong>corporeis</strong></span> 
     </span>
    </p>

    <p class='ocr_par' dir='ltr' id='par_1_9' title="bbox 138 2705 1228 2772">
     <span class='ocr_line' id='line_1_21' title="bbox 138 2705 1228 2772; baseline 0.001 -13"><span class='ocrx_word' id='word_1_153' title='bbox 138 2708 301 2772; x_wconf 83' lang='lat' dir='ltr'><strong>moderetur,</strong></span> <span class='ocrx_word' id='word_1_154' title='bbox 327 2705 370 2758; x_wconf 91' lang='lat' dir='ltr'><strong>ubi</strong></span> <span class='ocrx_word' id='word_1_155' title='bbox 394 2706 503 2759; x_wconf 77' lang='lat' dir='ltr'><strong>relcnur</strong></span> <span class='ocrx_word' id='word_1_156' title='bbox 527 2705 630 2758; x_wconf 85' lang='lat' dir='ltr'><strong>historia</strong></span> <span class='ocrx_word' id='word_1_157' title='bbox 655 2706 687 2757; x_wconf 89' lang='lat' dir='ltr'><strong>de</strong></span> <span class='ocrx_word' id='word_1_158' title='bbox 715 2706 813 2758; x_wconf 89' lang='lat' dir='ltr'><strong>duobus</strong></span> <span class='ocrx_word' id='word_1_159' title='bbox 839 2707 938 2770; x_wconf 80' lang='lat' dir='ltr'><strong>clericis</strong></span> <span class='ocrx_word' id='word_1_160' title='bbox 964 2707 1101 2762; x_wconf 81' lang='lat' dir='ltr'><strong>obseruata</strong></span> <span class='ocrx_word' id='word_1_161' title='bbox 1126 2710 1228 2761; x_wconf 88' lang='lat' dir='ltr'><strong>minime</strong></span> 
     </span>
    </p>

    <p class='ocr_par' dir='ltr' id='par_1_10' title="bbox 139 2794 1229 2863">
     <span class='ocr_line' id='line_1_22' title="bbox 139 2794 1229 2863; baseline 0.003 -17"><span class='ocrx_word' id='word_1_162' title='bbox 139 2795 251 2863; x_wconf 78' lang='lat' dir='ltr'><strong>indigna.</strong></span> <span class='ocrx_word' id='word_1_163' title='bbox 286 2794 348 2846; x_wconf 85' lang='lat' dir='ltr'><strong>Tum</strong></span> <span class='ocrx_word' id='word_1_164' title='bbox 366 2795 537 2859; x_wconf 88' lang='lat' dir='ltr'><strong>subnectitur,</strong></span> <span class='ocrx_word' id='word_1_165' title='bbox 563 2811 612 2862; x_wconf 91' lang='lat' dir='ltr'><strong>qua</strong></span> <span class='ocrx_word' id='word_1_166' title='bbox 636 2795 734 2846; x_wconf 89' lang='lat' dir='ltr'><strong>ratione</strong></span> <span class='ocrx_word' id='word_1_167' title='bbox 759 2795 942 2860; x_wconf 83' lang='lat' dir='ltr'><strong>componendus</strong></span> <span class='ocrx_word' id='word_1_168' title='bbox 967 2812 999 2848; x_wconf 88' lang='lat' dir='ltr'><strong>ex</strong></span> <span class='ocrx_word' id='word_1_169' title='bbox 1023 2796 1111 2847; x_wconf 87' lang='lat' dir='ltr'><strong>eadem</strong></span> <span class='ocrx_word' id='word_1_170' title='bbox 1136 2797 1229 2849; x_wconf 82' lang='lat' dir='ltr'><strong>virtuts</strong></span> 
     </span>
    </p>

    <p class='ocr_par' dir='ltr' id='par_1_11' title="bbox 139 2879 1227 2951">
     <span class='ocr_line' id='line_1_23' title="bbox 139 2879 1227 2951; baseline 0.002 -19"><span class='ocrx_word' id='word_1_171' title='bbox 139 2883 266 2947; x_wconf 84' lang='lat' dir='ltr'><strong>incessus,</strong></span> <span class='ocrx_word' id='word_1_172' title='bbox 285 2889 409 2950; x_wconf 77' lang='lat' dir='ltr'><strong>quautmo</strong></span> <span class='ocrx_word' id='word_1_173' title='bbox 427 2881 526 2946; x_wconf 87' lang='lat' dir='ltr'><strong>cautio,</strong></span> <span class='ocrx_word' id='word_1_174' title='bbox 544 2897 577 2933; x_wconf 87' lang='lat' dir='ltr'><strong>ne</strong></span> <span class='ocrx_word' id='word_1_175' title='bbox 595 2882 654 2950; x_wconf 90' lang='lat' dir='ltr'><strong>quid</strong></span> <span class='ocrx_word' id='word_1_176' title='bbox 673 2879 873 2934; x_wconf 87' lang='lat' dir='ltr'><strong>inverecundum</strong></span> <span class='ocrx_word' id='word_1_177' title='bbox 893 2896 937 2933; x_wconf 91' lang='lat' dir='ltr'><strong>ore</strong></span> <span class='ocrx_word' id='word_1_178' title='bbox 956 2881 1100 2951; x_wconf 83' lang='lat' dir='ltr'><strong>proferatur</strong></span> <span class='ocrx_word' id='word_1_179' title='bbox 1117 2890 1159 2934; x_wconf 92' lang='lat' dir='ltr'><strong>aut</strong></span> <span class='ocrx_word' id='word_1_180' title='bbox 1178 2883 1227 2934; x_wconf 93' lang='lat' dir='ltr'><strong>de·</strong></span> 
     </span>
    </p>

    <p class='ocr_par' dir='ltr' id='par_1_12' title="bbox 138 2967 1228 3109">
     <span class='ocr_line' id='line_1_24' title="bbox 138 2967 1228 3038; baseline 0 -17"><span class='ocrx_word' id='word_1_181' title='bbox 138 2977 240 3038; x_wconf 82' lang='lat' dir='ltr'><strong>tegatur</strong></span> <span class='ocrx_word' id='word_1_182' title='bbox 257 2971 283 3020; x_wconf 91' lang='lat' dir='ltr'><strong>in</strong></span> <span class='ocrx_word' id='word_1_183' title='bbox 302 2983 424 3037; x_wconf 85' lang='lat' dir='ltr'><strong>corporo,</strong></span> <span class='ocrx_word' id='word_1_184' title='bbox 442 2967 586 3021; x_wconf 86' lang='lat' dir='ltr'><strong>adhibenda</strong></span> <span class='ocrx_word' id='word_1_185' title='bbox 604 2970 651 3034; x_wconf 87' lang='lat' dir='ltr'><strong>sit,</strong></span> <span class='ocrx_word' id='word_1_186' title='bbox 672 2969 780 3021; x_wconf 85' lang='lat' dir='ltr'><strong>ethaeo</strong></span> <span class='ocrx_word' id='word_1_187' title='bbox 798 2970 881 3020; x_wconf 86' lang='lat' dir='ltr'><strong>omnia</strong></span> <span class='ocrx_word' id='word_1_188' title='bbox 900 2969 1020 3038; x_wconf 87' lang='lat' dir='ltr'><strong>exemplis</strong></span> <span class='ocrx_word' id='word_1_189' title='bbox 1038 2968 1228 3038; x_wconf 86' lang='lat' dir='ltr'><strong>adpositissimis</strong></span> 
     </span>
     <span class='ocr_line' id='line_1_25' title="bbox 598 3055 766 3109; baseline 0.018 -3"><span class='ocrx_word' id='word_1_190' title='bbox 598 3055 766 3109; x_wconf 83' lang='lat' dir='ltr'><strong>inlustrantur.</strong></span> 
     </span>
    </p>
   </div>
   <div class='ocr_carea' id='block_1_7' title="bbox 139 3197 1226 3856">
    <p class='ocr_par' dir='ltr' id='par_1_13' title="bbox 139 3197 1226 3856">
     <span class='ocr_line' id='line_1_26' title="bbox 227 3197 1226 3283; baseline 0 -20"><span class='ocrx_word' id='word_1_191' title='bbox 227 3197 276 3264; x_wconf 78' lang='grc'><strong>67.</strong></span> <span class='ocrx_word' id='word_1_192' title='bbox 311 3197 432 3262; x_wconf 89' lang='lat' dir='ltr'><strong>Pulchra</strong></span> <span class='ocrx_word' id='word_1_193' title='bbox 452 3198 543 3282; x_wconf 85' lang='lat' dir='ltr'><strong>igitur</strong></span> <span class='ocrx_word' id='word_1_194' title='bbox 564 3198 657 3262; x_wconf 86' lang='lat' dir='ltr'><strong>uirtus</strong></span> <span class='ocrx_word' id='word_1_195' title='bbox 680 3206 727 3262; x_wconf 89' lang='lat' dir='ltr'><strong>est</strong></span> <span class='ocrx_word' id='word_1_196' title='bbox 748 3199 945 3264; x_wconf 84' lang='lat' dir='ltr'><strong>verecundiae</strong></span> <span class='ocrx_word' id='word_1_197' title='bbox 962 3208 992 3263; x_wconf 87' lang='lat' dir='ltr'><strong>et</strong></span> <span class='ocrx_word' id='word_1_198' title='bbox 1007 3200 1106 3264; x_wconf 90' lang='lat' dir='ltr'><strong>suavis</strong></span> <span class='ocrx_word' id='word_1_199' title='bbox 1123 3201 1226 3283; x_wconf 84' lang='lat' dir='ltr'><strong>gratia,</strong></span> 
     </span>
     <span class='ocr_line' id='line_1_27' title="bbox 140 3311 1225 3397; baseline -0.001 -20"><span class='ocrx_word' id='word_1_200' title='bbox 140 3331 216 3397; x_wconf 90' lang='lat' dir='ltr'><strong>quae</strong></span> <span class='ocrx_word' id='word_1_201' title='bbox 238 3330 299 3377; x_wconf 93' lang='lat' dir='ltr'><strong>non</strong></span> <span class='ocrx_word' id='word_1_202' title='bbox 322 3313 416 3376; x_wconf 91' lang='lat' dir='ltr'><strong>solum</strong></span> <span class='ocrx_word' id='word_1_203' title='bbox 438 3313 468 3375; x_wconf 91' lang='lat' dir='ltr'><strong>in</strong></span> <span class='ocrx_word' id='word_1_204' title='bbox 491 3311 584 3391; x_wconf 86' lang='lat' dir='ltr'><strong>tactis,</strong></span> <span class='ocrx_word' id='word_1_205' title='bbox 608 3311 661 3374; x_wconf 88' lang='lat' dir='ltr'><strong>sed</strong></span> <span class='ocrx_word' id='word_1_206' title='bbox 686 3313 772 3375; x_wconf 88' lang='lat' dir='ltr'><strong>etiam</strong></span> <span class='ocrx_word' id='word_1_207' title='bbox 794 3313 824 3375; x_wconf 92' lang='lat' dir='ltr'><strong>in</strong></span> <span class='ocrx_word' id='word_1_208' title='bbox 846 3315 919 3396; x_wconf 91' lang='lat' dir='ltr'><strong>ipsis</strong></span> <span class='ocrx_word' id='word_1_209' title='bbox 939 3321 1090 3396; x_wconf 88' lang='lat' dir='ltr'><strong>spectatur</strong></span> <span class='ocrx_word' id='word_1_210' title='bbox 1107 3330 1225 3376; x_wconf 88' lang='lat' dir='ltr'><strong>sermo-</strong></span> 
     </span>
     <span class='ocr_line' id='line_1_28' title="bbox 139 3426 1224 3510; baseline -0.003 -19"><span class='ocrx_word' id='word_1_211' title='bbox 139 3430 242 3509; x_wconf 91' lang='lat' dir='ltr'><strong>nibus,</strong></span> <span class='ocrx_word' id='word_1_212' title='bbox 273 3447 312 3492; x_wconf 88' lang='lat' dir='ltr'><strong>ne</strong></span> <span class='ocrx_word' id='word_1_213' title='bbox 333 3426 449 3490; x_wconf 91' lang='lat' dir='ltr'><strong>modum</strong></span> <span class='ocrx_word' id='word_1_214' title='bbox 474 3427 676 3510; x_wconf 82' lang='lat' dir='ltr'><strong>progrediaris</strong></span> <span class='ocrx_word' id='word_1_215' title='bbox 699 3427 857 3510; x_wconf 90' lang='lat' dir='ltr'><strong>loquendi,</strong></span> <span class='ocrx_word' id='word_1_216' title='bbox 889 3447 927 3491; x_wconf 91' lang='lat' dir='ltr'><strong>ne</strong></span> <span class='ocrx_word' id='word_1_217' title='bbox 957 3427 1027 3510; x_wconf 91' lang='lat' dir='ltr'><strong>quid</strong></span> <span class='ocrx_word' id='word_1_218' title='bbox 1053 3427 1224 3489; x_wconf 88' lang='lat' dir='ltr'><strong>indecorum</strong></span> 
     </span>
     <span class='ocr_line' id='line_1_29' title="bbox 139 3539 1224 3624; baseline -0.005 -17"><span class='ocrx_word' id='word_1_219' title='bbox 139 3559 239 3607; x_wconf 84' lang='lat' dir='ltr'><strong>sermo</strong></span> <span class='ocrx_word' id='word_1_220' title='bbox 272 3547 394 3606; x_wconf 87' lang='lat' dir='ltr'><strong>resonet</strong></span> <span class='ocrx_word' id='word_1_221' title='bbox 426 3549 502 3604; x_wconf 90' lang='lat' dir='ltr'><strong>tuus.</strong></span> <span class='ocrx_word' id='word_1_222' title='bbox 555 3540 711 3622; x_wconf 85' lang='lat' dir='ltr'><strong>Speculum</strong></span> <span class='ocrx_word' id='word_1_223' title='bbox 745 3543 820 3606; x_wconf 89' lang='lat' dir='ltr'><strong>enim</strong></span> <span class='ocrx_word' id='word_1_224' title='bbox 854 3543 959 3608; x_wconf 88' lang='lat' dir='ltr'><strong>mentis</strong></span> <span class='ocrx_word' id='word_1_225' title='bbox 992 3542 1163 3624; x_wconf 89' lang='lat' dir='ltr'><strong>plerumque</strong></span> <span class='ocrx_word' id='word_1_226' title='bbox 1195 3539 1224 3602; x_wconf 93' lang='lat' dir='ltr'><strong>in</strong></span> 
     </span>
     <span class='ocr_line' id='line_1_30' title="bbox 139 3655 1224 3740; baseline -0.003 -20"><span class='ocrx_word' id='word_1_227' title='bbox 139 3657 239 3722; x_wconf 88' lang='lat' dir='ltr'><strong>verbis</strong></span> <span class='ocrx_word' id='word_1_228' title='bbox 261 3655 399 3740; x_wconf 82' lang='lat' dir='ltr'><strong>refulget.</strong></span> <span class='ocrx_word' id='word_1_229' title='bbox 436 3655 533 3738; x_wconf 87' lang='lat' dir='ltr'><strong>ipsum</strong></span> <span class='ocrx_word' id='word_1_230' title='bbox 557 3657 641 3719; x_wconf 91' lang='lat' dir='ltr'><strong>vocis</strong></span> <span class='ocrx_word' id='word_1_231' title='bbox 664 3673 769 3720; x_wconf 89' lang='lat' dir='ltr'><strong>sonum</strong></span> <span class='ocrx_word' id='word_1_232' title='bbox 791 3656 876 3721; x_wconf 88' lang='lat' dir='ltr'><strong>librat</strong></span> <span class='ocrx_word' id='word_1_233' title='bbox 890 3656 1043 3736; x_wconf 89' lang='lat' dir='ltr'><strong>modestia,</strong></span> <span class='ocrx_word' id='word_1_234' title='bbox 1066 3673 1104 3719; x_wconf 89' lang='lat' dir='ltr'><strong>ne</strong></span> <span class='ocrx_word' id='word_1_235' title='bbox 1120 3657 1224 3718; x_wconf 90' lang='lat' dir='ltr'><strong>cuius-</strong></span> 
     </span>
     <span class='ocr_line' id='line_1_31' title="bbox 140 3769 1223 3856; baseline 0.004 -24"><span class='ocrx_word' id='word_1_236' title='bbox 140 3787 226 3854; x_wconf 84' lang='lat' dir='ltr'><strong>quam</strong></span> <span class='ocrx_word' id='word_1_237' title='bbox 253 3770 383 3835; x_wconf 86' lang='lat' dir='ltr'><strong>cllendat</strong></span> <span class='ocrx_word' id='word_1_238' title='bbox 413 3788 514 3832; x_wconf 90' lang='lat' dir='ltr'><strong>aurem</strong></span> <span class='ocrx_word' id='word_1_239' title='bbox 543 3787 605 3833; x_wconf 85' lang='lat' dir='ltr'><strong>vox</strong></span> <span class='ocrx_word' id='word_1_240' title='bbox 632 3769 745 3834; x_wconf 86' lang='lat' dir='ltr'><strong>fortior.</strong></span> <span class='ocrx_word' id='word_1_241' title='bbox 791 3771 924 3855; x_wconf 88' lang='lat' dir='ltr'><strong>Denique</strong></span> <span class='ocrx_word' id='word_1_242' title='bbox 955 3773 985 3835; x_wconf 91' lang='lat' dir='ltr'><strong>in</strong></span> <span class='ocrx_word' id='word_1_243' title='bbox 1012 3772 1077 3856; x_wconf 90' lang='lat' dir='ltr'><strong>ipso</strong></span> <span class='ocrx_word' id='word_1_244' title='bbox 1100 3769 1223 3836; x_wconf 88' lang='lat' dir='ltr'><strong>canendi</strong></span> 
     </span>
    </p>
   </div>
   <div class='ocr_carea' id='block_1_8' title="bbox 137 4025 1221 4198">
    <p class='ocr_par' dir='ltr' id='par_1_14' title="bbox 137 4025 1221 4198">
     <span class='ocr_line' id='line_1_32' title="bbox 209 4025 1221 4116; baseline 0.005 -25.081"><span class='ocrx_word' id='word_1_245' title='bbox 209 4038 347 4109; x_wconf 79' lang='lat' dir='ltr'><strong>tJGenea.</strong></span> <span class='ocrx_word' id='word_1_246' title='bbox 366 4041 409 4107; x_wconf 90' lang='grc'><strong>22,</strong></span> <span class='ocrx_word' id='word_1_247' title='bbox 429 4040 531 4110; x_wconf 85' lang='lat' dir='ltr'><strong>9seqq.</strong></span> <span class='ocrx_word' id='word_1_248' title='bbox 586 4041 615 4109; x_wconf 86' lang='lat'><strong>2)</strong></span> <span class='ocrx_word' id='word_1_249' title='bbox 633 4025 696 4094; x_wconf 90' lang='lat' dir='ltr'><strong>lbid.</strong></span> <span class='ocrx_word' id='word_1_250' title='bbox 709 4041 752 4108; x_wconf 80' lang='grc'><strong>37,</strong></span> <span class='ocrx_word' id='word_1_251' title='bbox 771 4044 875 4116; x_wconf 86' lang='lat' dir='ltr'><strong>5seqq.</strong></span> <span class='ocrx_word' id='word_1_252' title='bbox 928 4043 956 4110; x_wconf 80' lang='lat'><strong>3)</strong></span> <span class='ocrx_word' id='word_1_253' title='bbox 976 4041 1040 4097; x_wconf 86' lang='lat' dir='ltr'><strong>lbid.</strong></span> <span class='ocrx_word' id='word_1_254' title='bbox 1054 4043 1096 4111; x_wconf 82' lang='lat'><strong>39,</strong></span> <span class='ocrx_word' id='word_1_255' title='bbox 1115 4043 1221 4116; x_wconf 81' lang='lat' dir='ltr'><strong>8seqq.</strong></span> 
     </span>
     <span class='ocr_line' id='line_1_33' title="bbox 137 4125 685 4198; baseline 0 -19"><span class='ocrx_word' id='word_1_256' title='bbox 137 4128 168 4194; x_wconf 87' lang='grc'><strong>4)</strong></span> <span class='ocrx_word' id='word_1_257' title='bbox 185 4125 266 4180; x_wconf 81' lang='lat' dir='ltr'><strong>Exod.</strong></span> <span class='ocrx_word' id='word_1_258' title='bbox 284 4125 311 4195; x_wconf 75' lang='lat' dir='ltr'><strong>l,</strong></span> <span class='ocrx_word' id='word_1_259' title='bbox 331 4125 371 4182; x_wconf 88' lang='lat'><strong>10.</strong></span> <span class='ocrx_word' id='word_1_260' title='bbox 442 4127 471 4198; x_wconf 77' lang='lat'><strong>⁵)</strong></span> <span class='ocrx_word' id='word_1_261' title='bbox 488 4127 598 4182; x_wconf 85' lang='lat' dir='ltr'><strong>ffierem.</strong></span> <span class='ocrx_word' id='word_1_262' title='bbox 617 4125 641 4197; x_wconf 87' lang='lat' dir='ltr'><strong>t,</strong></span> <span class='ocrx_word' id='word_1_263' title='bbox 660 4125 685 4184; x_wconf 89' lang='grc'><strong>6.</strong></span> 
     </span>
    </p>
   </div>
   <div class='ocr_carea' id='block_1_9' title="bbox 0 0 1470 4700">
    <p class='ocr_par' dir='ltr' id='par_1_15' title="bbox 0 0 1470 4700">
     <span class='ocr_line' id='line_1_34' title="bbox 0 0 1470 4700; baseline 0 0"><span class='ocrx_word' id='word_1_264' title='bbox 0 0 1470 4700; x_wconf 95' lang='lat' dir='ltr'><strong> </strong></span> 
     </span>
    </p>
   </div>
  </div>
 </body>
</html>
