2976 4706
235 355 299 422 leo
680 350 706 406 s.
726 350 883 406 nnenosn

234 531 310 578 cero
332 511 490 595 promitur,
513 510 571 574 hoc
593 516 640 576 est
659 511 801 575 decorum
808 532 818 590 ;
842 529 902 575 non
924 510 1092 594 superfluas
1114 509 1335 574 aedificationes

234 623 377 710 adgredi,
400 641 458 688 neo
480 623 716 704 praetermittere
737 624 934 686 necessarius.

324 725 394 793 111.
442 727 495 790 Est
525 728 652 790 maxime
687 727 837 792 sacerdoti
868 727 926 791 hoo
956 729 1114 807 convenit,
1149 745 1258 792 ornare
1288 727 1338 790 dei

236 842 378 923 templum
402 839 514 904 decore
537 857 691 924 congruo,
713 848 746 904 nt
768 841 854 903 etiam
877 841 935 905 hoe
958 841 1038 904 cultu
1060 841 1127 904 nula
1150 840 1261 904 domini
1282 857 1338 904 re-

236 954 409 1042 splendeat3
444 953 584 1033 inpensas
623 953 846 1016 misericordiae
880 954 1095 1018 convenientes
1129 952 1337 1034 frequentium

237 1072 377 1148 quantum
401 1073 539 1148 oporteat
561 1065 664 1148 largiri
686 1067 871 1148 peregrinis,
897 1084 959 1129 non
981 1064 1149 1148 superflue,
1179 1065 1234 1129 scd
1258 1081 1338 1129 con-

236 1180 383 1263 petentis;
407 1197 468 1241 non
490 1165 693 1258 reduntantis,
717 1177 771 1242 sed
794 1195 931 1262 congrua
953 1178 1139 1255 humanitati,
1163 1196 1202 1241 ne
1221 1183 1339 1260 sumptu

236 1309 401 1374 pauperum
424 1290 551 1354 alienam
566 1290 622 1352 sibi
638 1295 764 1370 quaerat
785 1289 926 1372 gratiam,
949 1307 1007 1353 neo
1029 1291 1242 1354 restrictiorem
1265 1307 1339 1372 ergo

238 1404 366 1468 elericos
389 1408 440 1466 aut
462 1399 710 1482 indulgentiorem
732 1417 767 1463 se
789 1401 939 1482 praebeat.
985 1398 1121 1463 Alterum
1148 1402 1226 1464 enim
1248 1400 1339 1492 inhu-

238 1535 376 1595 manum,
407 1515 533 1578 alterum
564 1513 740 1598 prodigum,
775 1515 801 1576 si
824 1521 875 1579 aut
896 1520 1032 1596 sumptus
1062 1513 1140 1576 desit
1169 1513 1340 1576 necessitati

240 1645 361 1707 eorum,
386 1644 463 1709 quos
480 1645 497 1690 a
512 1626 641 1690 sordidis
663 1627 875 1710 negotiationis
891 1628 1025 1707 aucupiis
1044 1627 1200 1690 retrahere
1216 1625 1339 1705 debeas,

240 1746 291 1804 aut
314 1739 458 1820 voluptati
481 1737 650 1821 superfluat

635 1917 808 1985 CAPUT
836 1919 946 1984 XXII.

240 2049 343 2102 hlodum
362 2050 428 2101 inter
454 2050 556 2100 nimiam
581 2048 757 2100 remissionem
776 2065 806 2100 sc
825 2050 988 2102 severitatem
1015 2065 1073 2102 esse
1091 2050 1268 2113 statuendum3
1297 2063 1342 2102 eos

242 2139 322 2203 enim,
352 2137 394 2205 qui
421 2133 549 2189 adfectata
575 2137 723 2189 remissione
752 2138 778 2186 in
807 2135 911 2189 aliorum
937 2139 1034 2189 animos
1060 2140 1173 2206 irrepere
1198 2135 1343 2200 moliantur,

242 2224 351 2276 solidum
372 2240 402 2276 sc
421 2223 568 2276 duraturum
593 2221 654 2275 nihil
671 2225 809 2292 consequi,
838 2224 906 2292 quod
925 2223 1090 2302 Ahgssolonis
1114 2221 1257 2290 exemplum
1282 2221 1343 2273 satis

730 2310 852 2364 ostendit.

236 2483 239 2489 .
261 2495 265 2504 ,
333 2420 403 2488 112.
449 2427 528 2498 Quin
544 2427 631 2488 etiam
651 2428 813 2493 verborum
834 2427 967 2508 ipsorum
984 2434 1015 2489 ct
1029 2433 1258 2508 praeceptorum
1274 2441 1344 2486 csse

243 2551 412 2596 mensuram
435 2538 594 2615 convenit,
617 2555 656 2600 ne
679 2543 729 2600 aut
751 2539 840 2600 nimia
863 2540 999 2604 remissio
1022 2539 1160 2602 videatur
1182 2544 1234 2600 aut
1255 2535 1343 2599 nimia

238 2647 399 2710 severitas.
437 2647 575 2728 Plerique
598 2649 676 2710 enim
697 2650 886 2721 remissiores
909 2652 1021 2715 malunt
1036 2668 1116 2732 esse,
1139 2659 1171 2716 ut
1187 2650 1344 2715 videantur

242 2758 314 2822 honi
337 2776 423 2836 esse;
453 2758 508 2822 sed
537 2758 609 2822 nihil
638 2759 805 2824 simulatum
828 2768 858 2824 et
879 2763 978 2827 lictum
1008 2781 1099 2827 verae
1130 2765 1246 2829 virtutis
1275 2781 1343 2829 esse

244 2877 358 2939 certum
381 2877 445 2948 est3
479 2871 661 2952 quinetiam
692 2872 859 2936 diuturnum
889 2892 959 2938 esse
981 2893 1042 2938 non
1064 2874 1150 2938 solet.
1194 2876 1227 2938 ln
1256 2875 1343 2958 prin-

235 2983 322 3064 cipio
346 2989 464 3061 vernet,
487 2983 518 3044 in
539 3001 686 3063 processu
707 2989 855 3065 tamquam
876 2984 1020 3049 flosculus
1043 2985 1203 3070 dissipatur
1224 2998 1255 3053 et
1277 2990 1344 3063 sol,-

236 3094 341 3158 .vitur:
374 3094 456 3176 quod
478 3076 703 3160 entem'verum
716 3081 763 3160 ,w
785 3098 951 3178 sincerum,
986 3099 1044 3162 alta
1067 3099 1207 3165 fundatur
1233 3102 1343 3168 radice.

334 3206 406 3272 113.
450 3207 487 3272 Et
501 3216 533 3271 ut
548 3209 692 3291 exemplis
716 3210 904 3274 adsertiones
929 3218 1048 3277 nostras
1070 3216 1240 3296 prohemus,
1264 3232 1345 3296 quo·

236 3322 324 3386 niam
345 3338 423 3403 quae
445 3323 579 3387 simulato
601 3331 680 3402 sunt,
705 3324 842 3387 diuturne
867 3340 1012 3389 essenon
1031 3334 1167 3408 possunt,
1190 3327 1245 3390 sed
1267 3335 1344 3391 tam-

247 3453 335 3517 qnam
350 3435 388 3498 ad
403 3443 520 3520 tempus
543 3437 669 3499 virentia
692 3437 752 3500 cito
776 3436 933 3516 decidunt,
957 3455 997 3500 ex
1019 3455 1055 3500 ea
1077 3437 1202 3518 familia,
1224 3458 1265 3502 ex
1287 3457 1345 3522 que

236 3548 334 3612 nohis
348 3549 473 3629 plurima
488 3549 526 3612 ad
541 3549 656 3614 virtutis
671 3549 838 3631 proiectum
855 3551 989 3633 exemplu
1013 3553 1233 3634 arcessivimus,
1255 3571 1346 3618 unum

245 3660 442 3727 simulationis
464 3670 495 3727 et
518 3662 629 3726 fraudis
650 3663 838 3745 proferemus
860 3664 1067 3728 testimonium.

339 3770 409 3838 114.
454 3774 625 3874 Ahessalon
644 3773 672 3859 ¹)
703 3781 771 3838 erat
791 3775 887 3839 David
917 3777 1001 3860 regis
1028 3776 1124 3857 lilius,
1155 3777 1266 3842 decore
1296 3779 1346 3842 in-

248 3887 361 3970 signis,
391 3889 535 3972 egregius
558 3889 669 3970 lorino,
702 3897 857 3972 praestans
880 3890 1018 3970 iuventa,
1044 3891 1085 3954 ita
1108 3897 1139 3954 ut
1160 3891 1207 3954 vir
1228 3890 1293 3955 talis
1317 3891 1347 3953 in

254 4037 460 4048 --—-——...

332 4099 336 4108 r

321 4125 348 4192 1)
367 4126 392 4180 2.
410 4125 474 4197 neg.
493 4126 536 4196 15,
557 4127 570 4180 1
588 4144 660 4198 seqq,
697 4177 698 4180 ,
