2932 4700
243 370 286 436 30
688 363 714 418 ε.
732 359 886 419 nltltltosll

329 525 379 592 79.
422 526 560 608 Denique
582 525 608 590 si
631 543 703 590 casn
725 527 895 607 aperiantur
916 525 973 588 bae
995 531 1110 607 partes,
1142 524 1335 591 conlunditur

243 641 422 706 verecundia
429 662 439 719 3
472 641 499 704 si
521 637 635 718 studio,
665 637 836 720 inpudentia
859 638 1037 702 aestimatur.
1081 635 1165 700 Unde
1196 643 1226 700 et
1255 638 1333 702 filius

241 757 308 820 Noe
331 753 468 838 ohan1]
499 753 640 818 offensam
669 753 785 832 retulit,
817 753 885 833 quia
915 754 1055 817 nudabam
1085 751 1189 816 videns
1218 757 1334 834 patrem

242 870 322 933 risit:
355 871 405 951 qui
428 877 524 932 autern
547 875 730 951 operucnunt
751 872 882 949 patrem,
914 873 1093 949 acceperunt
1114 865 1333 932 benedictionis

241 986 374 1069 gratiam.
419 984 466 1049 Ex
488 1001 547 1064 quo
571 999 635 1046 rnos
658 987 743 1044 vetus
768 988 798 1045 et
820 982 849 1043 in
873 980 947 1044 urbe
962 980 1055 1044 Roma
1079 986 1109 1044 et
1130 981 1160 1043 in
1180 980 1333 1061 plerisque

242 1097 406 1162 civitatibus
430 1097 492 1177 luit,
515 1104 547 1161 ut
566 1098 618 1161 lilii
639 1099 769 1179 puberes
793 1115 858 1160 curn
875 1097 1056 1179 parentibus,
1080 1095 1130 1158 vel
1144 1095 1250 1179 generi
1265 1112 1333 1157 curn

242 1212 357 1276 soceris
379 1230 439 1274 non
459 1211 601 1292 lavarent,
624 1202 662 1274 ne
677 1217 820 1294 paternae
834 1211 1021 1273 reverentiae
1038 1209 1198 1272 auctoritas
1214 1209 1333 1271 urinae-

243 1333 334 1405 retur,
357 1325 427 1388 licet
447 1325 583 1407 plerique
604 1341 639 1386 se
663 1330 693 1386 et
713 1323 743 1385 in
757 1323 886 1402 lavacro,
910 1328 1048 1403 quantum
1065 1325 1199 1402 possunt,
1220 1325 1333 1402 tegant,

242 1455 282 1499 ne
304 1436 352 1498 vel
375 1436 450 1515 illic,
480 1436 530 1497 ubi
551 1433 661 1498 nudum
684 1440 777 1498 totum
799 1440 845 1497 est
870 1451 996 1516 corpus,
1027 1432 1193 1498 huiusmodi
1223 1434 1333 1497 intecta

242 1551 339 1634 portio
362 1551 408 1613 sit.

328 1658 380 1726 80.
426 1660 603 1729 Sacerdotes
638 1679 760 1743 quoque
795 1662 888 1725 veteri
921 1680 1025 1742 rnore,
1058 1662 1135 1726 sicut
1166 1663 1196 1725 in
1225 1659 1331 1724 Exodo

242 1777 384 1861 legimus,
415 1777 520 1840 bracas
551 1776 751 1858 accipiebant,
781 1776 856 1840 sicut
885 1775 922 1838 ad
950 1777 1076 1860 Moysen
1106 1776 1213 1840 dictum
1242 1783 1287 1838 est
1316 1794 1333 1838 a
1457 1817 1460 1824 ,

243 1890 381 1954 domino:
403 1887 435 1975 ²)
465 1891 507 1952 Et
526 1889 629 1968 facies
653 1890 717 1952 illis
740 1891 854 1954 bocas
876 1891 994 1970 linens,
1027 1898 1063 1954 nt
1084 1899 1206 1971 tepaltn·
1229 1891 1331 1970 inopie

243 2005 318 2068 indo
339 2005 480 2084 pudoris.
526 2004 553 2066 A
576 2004 686 2068 lumbis
707 2023 805 2085 usqne
827 2007 870 2068 cd
890 2005 1011 2084 femora
1032 2013 1139 2084 arant,
1162 2014 1193 2068 el
1212 2005 1335 2068 babebit

243 2135 297 2179 cns
314 2116 423 2179 Aaron
446 2125 477 2178 et
495 2117 554 2196 filii
576 2118 654 2196 eins,
679 2138 746 2180 cnm
768 2114 929 2182 intrabant
947 2120 981 2180 in
997 2119 1228 2183 tabernaculum
1244 2119 1331 2181 tecti-

241 2232 339 2294 monii
367 2239 397 2293 et
426 2251 493 2292 cam
523 2231 672 2293 accedent
697 2232 880 2312 sanificara
908 2235 951 2295 ad
981 2252 1071 2295 arom
1098 2233 1274 2296 sanctuarii
1302 2238 1332 2298 el

241 2364 307 2408 non
328 2346 474 2408 inducent
494 2363 589 2424 snper
611 2365 645 2407 se
664 2353 837 2425 paccatum,
860 2365 899 2408 na
921 2347 1104 2410 moriantur.
1142 2347 1229 2421 Quod
1249 2364 1330 2409 non-

242 2458 313 2521 nulli
334 2467 505 2522 nostrorum
527 2475 651 2521 servare
666 2459 762 2521 adhuc
777 2457 922 2540 feruntur,
945 2460 1079 2541 plerique
1095 2460 1218 2542 spiritali
1233 2460 1329 2521 inter-

241 2573 408 2653 pretatione
438 2572 475 2634 ad
505 2573 668 2636 cantionem
699 2573 898 2636 verecundiae
931 2581 962 2636 et
995 2573 1157 2637 custodiam
1189 2573 1331 2636 castitatis

243 2685 351 2750 dictum
373 2686 559 2748 arbitrantur.

641 2883 810 2950 CAPUT
842 2886 935 2952 XIX.

242 3049 368 3104 Decorum
387 3051 514 3121 quomodo
535 3049 691 3104 describatur
715 3051 747 3103 ab
766 3060 880 3105 oratore:
905 3067 938 3104 an
962 3060 988 3105 et
1015 3060 1134 3121 quammn
1157 3051 1189 3103 ad
1213 3053 1330 3104 virtutem

243 3139 358 3192 conferat
375 3139 533 3192 formositas:
558 3148 686 3207 postremo
704 3157 754 3210 qua
772 3157 848 3208 cura,
867 3157 901 3193 ne
920 3141 979 3210 quid
993 3141 1150 3192 adlectatum
1169 3147 1213 3193 aut
1230 3139 1329 3192 clienti-

509 3236 594 3279 natum
612 3231 638 3280 in
655 3230 729 3283 nobis
747 3231 878 3298 adpareat,
896 3228 1064 3282 efficiendum.

328 3369 379 3434 81.
417 3372 579 3436 Delectavit
601 3391 648 3435 me
672 3372 780 3437 diutius
803 3373 985 3456 inpartibus
1009 3373 1156 3437 demorari
1178 3391 1330 3436 verecun-

242 3485 325 3565 diae,
355 3486 424 3566 quia
447 3484 483 3548 ad
507 3503 561 3548 vos
583 3485 744 3566 loquebar,
776 3488 826 3567 qui
848 3493 897 3549 ant
919 3488 998 3550 bona
1020 3488 1084 3552 eius
1108 3507 1146 3552 ex
1167 3489 1253 3551 vobis
1276 3505 1329 3550 re-

242 3600 433 3683 cognoscitis,
455 3607 505 3663 aut
527 3598 634 3663 damna·
654 3600 807 3682 ignoratis.
844 3602 928 3675 Quae
951 3621 1017 3665 curn
1039 3603 1078 3665 sit
1095 3603 1230 3667 omnibus
1246 3607 1328 3667 aeta-

241 3716 336 3796 tibus,
359 3717 514 3796 personis,
536 3715 717 3796 temporibus
741 3724 772 3778 et
793 3717 867 3780 locis
890 3725 974 3799 apta,
1004 3723 1101 3781 tannen
1125 3717 1329 3781 adulescentes

242 3829 448 3910 iuuenilesque
470 3847 565 3893 annos
588 3831 713 3894 maxime
738 3830 832 3894 decet.

330 3941 380 4007 82.
425 3943 457 4006 ln
480 3946 560 4008 oanni
581 3953 678 4008 autern
707 3945 886 4010 servandum
914 3952 1027 4027 aetate,
1059 3954 1090 4010 ut
1119 3946 1223 4012 deceat
1251 3946 1330 4028 quod

242 4097 449 4110 ——-—-

314 4186 342 4260 l)
360 4186 421 4242 Gan.
440 4186 466 4257 9,
484 4187 518 4242 22
536 4203 607 4261 seqq.
676 4189 706 4264 2)
724 4188 804 4245 Exod.
823 4188 865 4260 28,
883 4188 918 4240 42
935 4202 990 4259 seq.
