2932 4700
384 345 430 402 ua
449 343 586 402 cruens
604 342 828 402 mmsmonuu
845 343 942 402 unua
959 345 979 401 u
1141 301 1151 328 ⁴
1184 347 1225 414 sn

125 524 165 570 se
188 508 258 590 ipso
279 505 426 589 placeret
468 507 532 572 Nec
553 507 616 590 ipsa
639 515 743 572 natura
765 523 823 572 uos
848 506 954 588 docet,
986 525 1064 588 quae
1091 507 1226 589 perfecte

126 618 253 701 quidem
277 637 380 682 omnes
404 623 504 701 partes
527 619 620 682 nostri
643 619 780 702 corporis
803 619 972 700 explicavit,
994 627 1027 684 ut
1044 627 1073 684 et
1088 623 1227 685 necessi-

124 733 184 795 tati
208 731 382 796 consuleret
402 739 433 795 et
454 733 579 815 gratiam
601 731 800 797 venustaret?
844 731 903 798 Sed
927 739 1024 797 brnen
1048 750 1117 813 eas,
1149 751 1226 814 quae

127 847 266 911 decorae
287 846 324 911 ad
346 856 498 930 aspectum
521 847 637 929 forent,
667 850 697 912 iu
720 849 826 931 quibus
848 848 963 914 formae
984 865 1062 930 apex
1089 847 1174 928 quasi
1196 846 1225 908 iu

127 980 205 1026 arce
229 962 352 1044 quadam
374 962 488 1026 locatus
512 968 541 1025 et
563 961 678 1045 figurae
700 961 829 1025 smvitas
853 968 883 1024 et
902 961 1000 1024 vulnus
1016 957 1132 1041 species
1149 957 1226 1020 emi-

127 1080 223 1138 neret
245 1071 447 1156 operandique
469 1091 542 1138 usus
572 1080 652 1137 esset
679 1075 825 1155 paratior,
860 1074 963 1137 obvias
993 1080 1081 1155 atque
1109 1077 1226 1153 apertas

18 1180 22 1215 ⁵
128 1187 271 1268 reliquit3
295 1204 347 1250 eas
370 1205 455 1268 vero,
478 1189 508 1251 in
532 1188 638 1271 quibus
660 1194 743 1252 esset
763 1189 904 1253 naturalis
924 1189 1098 1270 obsequium
1114 1202 1227 1250 neces-

129 1301 245 1380 sitatis,
276 1319 315 1363 ne
339 1300 474 1366 deforme
497 1304 543 1367 sui
566 1302 745 1386 praeberent
768 1302 985 1385 spectaculum,
1015 1303 1120 1384 partim
1148 1306 1227 1362 tam-

132 1433 222 1496 quam
246 1416 275 1477 iu
298 1414 364 1496 ipso
387 1414 553 1478 amandavit
572 1421 661 1495 atque
676 1414 831 1478 abscondit
846 1431 985 1496 corpore,
1007 1414 1111 1496 partim
1127 1412 1228 1476 docuit

133 1535 166 1592 et
189 1529 282 1592 suasit
305 1527 458 1612 tegendas.

225 1639 275 1705 78.
319 1641 427 1705 Nonne
449 1642 541 1726 igitur
562 1643 625 1724 ipsa
647 1649 751 1706 natura
774 1648 821 1706 est
843 1641 983 1726 magistra
1005 1638 1227 1706 verecundiae?

12 1762 13 1779 ¹
133 1751 227 1816 Cuius
251 1754 388 1836 exemplo
418 1753 562 1817 modestia
590 1754 759 1835 bominum,
791 1773 878 1836 quam
906 1773 924 1818 a
954 1757 1044 1820 modo
1074 1755 1227 1835 scientiae,

133 1866 206 1949 quid
229 1867 367 1947 deceret,
389 1866 562 1949 appellatam
585 1866 729 1944 arbitror3
752 1867 782 1929 id
805 1866 884 1949 quod
906 1868 937 1931 in
958 1869 1014 1931 hac
1036 1869 1131 1931 nostri
1153 1885 1227 1932 cor-

12 2058 13 2063 ,
134 1982 218 2063 poris
240 1980 351 2043 fabrica
374 1981 501 2044 abditum
524 1982 665 2062 repperit,
688 1981 806 2063 operuit
827 1987 857 2043 et
870 1981 954 2060 texit,
977 1987 1008 2044 ut
1023 1981 1130 2044 ostium
1145 1980 1226 2059 illud,

136 2096 218 2178 quod
248 2113 288 2158 ex
316 2101 488 2157 transverso
516 2092 683 2157 faciendum
711 2095 741 2158 in
767 2113 836 2158 arca
858 2094 907 2157 illa
930 2095 996 2158 Noe
1018 2095 1096 2157 iusto
1119 2095 1227 2157 dictum

136 2217 193 2290 est,
209 2208 236 2295 ¹)
258 2212 288 2273 in
312 2228 369 2290 qua
392 2209 441 2272 vel
462 2209 614 2272 Ecclesiae
637 2208 686 2271 vel
709 2210 803 2272 nostri
825 2208 921 2291 figura
944 2215 990 2270 est
1005 2209 1149 2289 corporis,
1172 2225 1228 2288 per

134 2323 216 2405 quod
239 2323 345 2386 ostium
369 2331 534 2406 egeruntur
555 2322 699 2403 reliquiae
721 2323 863 2386 ciborum.
907 2323 989 2405 Ergo
1012 2327 1136 2384 naturae
1158 2321 1227 2402 opi-

11 2429 12 2435 ’
134 2435 187 2498 fex
208 2437 251 2500 sic
273 2443 395 2500 nostrae
418 2436 528 2500 studuit
550 2434 768 2515 verecundiae,
792 2436 836 2498 sic
858 2436 1000 2499 decorum
1023 2434 1093 2500 illud
1116 2441 1146 2498 et
1166 2435 1227 2498 bo-

11 2593 12 2609 ,
133 2557 251 2614 nestum
273 2553 303 2614 in
326 2557 430 2614 nostro
453 2550 611 2614 custodivit
634 2569 771 2633 corpore,
793 2558 826 2614 ut
848 2550 952 2615 ductus
975 2550 1119 2633 quosdam
1139 2558 1227 2633 atque

134 2663 232 2726 exitus
255 2664 457 2726 cuniculorum
481 2670 651 2728 nostrorum
673 2672 741 2746 post
762 2670 879 2748 tergum
901 2664 1052 2749 relegaret
1080 2673 1169 2747 atque
1191 2667 1227 2728 ab

134 2783 257 2860 aspectu
280 2785 385 2841 nostro
407 2786 574 2859 averteret,
600 2797 639 2841 ue
661 2781 800 2862 purgatio
823 2781 934 2843 ventris
958 2781 1052 2842 visum
1074 2780 1227 2842 oculorum
1347 2779 1350 2786 '

135 2891 312 2956 offenderet.
356 2892 400 2955 De
424 2911 483 2974 quo
506 2893 629 2974 pulchre
654 2893 806 2974 apostolus
829 2891 934 2979 aitzl]
964 2894 1048 2970 ane
1070 2895 1226 2970 uidentur,

134 3006 236 3088 iuquit,
259 3006 392 3068 membro
414 3025 480 3070 esse
503 3009 649 3086 corporis
672 3009 858 3088 infirmiora,
883 3011 1065 3072 necessario
1086 3017 1175 3087 sont,
1200 3016 1230 3071 ct

82 3155 84 3162 ·
135 3139 217 3202 qnae
233 3127 380 3200 puteanus
402 3121 593 3202 ipnobtliorn
615 3141 681 3184 esec
703 3123 839 3186 membra
861 3125 1020 3205 corporis,
1051 3124 1100 3186 bic
1127 3124 1231 3186 abam-¹

135 3235 311 3298 (lentiorem
338 3236 487 3297 bonorem
518 3237 762 3316 circumdamus,
794 3247 823 3301 et
854 3258 933 3319 qnae
963 3211 1127 3300 inbcneatc
1156 3245 1229 3300 sont

135 3356 258 3426 nostra,
280 3348 469 3412 boneatctem
491 3350 750 3415 abundantiorem
771 3352 892 3415 babent.
930 3351 1046 3413 Etenim
1066 3351 1227 3414 imitatione

135 3468 259 3525 naturae
280 3462 422 3526 industria
446 3465 528 3528 auxit
550 3467 682 3548 gratiam.
728 3467 815 3542 Quod
839 3467 897 3530 alio
927 3466 995 3527 loco
1026 3465 1111 3526 etiam
1142 3464 1227 3526 altius

136 3577 319 3658 interpretati
341 3595 459 3659 sumus,
483 3577 514 3662 ³)
546 3588 577 3643 ut
606 3599 667 3645 non
699 3582 795 3646 solum
826 3578 1040 3644 abscondamus
1065 3579 1100 3640 ab
1125 3578 1227 3656 oculis,

136 3707 241 3754 verum
263 3693 350 3756 etiam
371 3710 448 3772 quae
463 3695 674 3759 abscondenda
690 3697 866 3777 accepimus,
890 3711 993 3756 eorum
1009 3693 1117 3756 indicia
1132 3709 1225 3755 usus-

136 3822 195 3886 que
232 3807 429 3868 membrorum
468 3808 529 3870 suis
567 3810 810 3891 appellationibus
847 3826 1019 3889 nuncupare
1053 3806 1225 3871 indecorum

136 3924 281 4000 putemus.

207 4071 234 4137 1)
255 4069 316 4210 aeg.
334 4072 360 4139 a,
380 4073 422 4126 m.
499 4073 527 4140 2)
547 4074 570 4127 1.
590 4072 648 4129 our.
668 4074 710 4144 12,
730 4074 764 4127 22
781 4092 835 4150 seq.
913 4075 942 4148 a)
960 4074 1014 4133 uio.
1034 4075 1057 4129 1.
1077 4027 1183 4128 ae'uoe
1202 4081 1227 4128 a

135 4174 195 4224 arca
214 4174 313 4238 cap..
