2932 4700
198 363 242 430 64
645 361 670 416 s.
689 361 845 417 nunnosn

198 523 295 588 Locus
317 529 385 587 tuus
407 523 547 606 patientia
570 529 632 604 est,
663 524 746 587 locus
768 530 835 588 tuus
858 526 1001 607 sapientia
1023 530 1086 604 est,
1115 524 1198 588 locus
1220 529 1287 589 tuus

197 638 274 700 ratio
296 642 350 718 est,
372 635 455 700 locus
478 642 545 700 tuus
569 635 684 702 sedatio
707 635 917 720 indignationis
937 645 991 701 est
1028 637 1089 701 Aut
1110 639 1136 701 si
1157 645 1187 701 te
1210 656 1288 702 oon-

198 751 320 815 tumacia
351 752 559 835 respondentis
587 753 715 817 moverit
744 759 773 814 et
800 753 982 834 perversitas
1012 752 1150 834 inpulerit
1178 753 1216 816 ad
1237 754 1287 816 in-

198 866 398 950 dignationem
407 889 416 946 ;
439 867 464 930 si
479 885 540 930 non
555 868 688 948 potueris
705 867 840 950 mitigare
855 874 992 947 mentem,
1015 867 1143 949 reprime
1158 867 1288 952 linguam

197 987 284 1044 tuam.
330 980 379 1046 Sic
410 979 487 1043 enim
519 980 658 1063 scriptum
689 987 751 1042 est:
780 976 808 1063 ¹)
843 979 959 1043 Cohibe
989 981 1125 1062 linguam
1157 989 1238 1044 taam
1268 1003 1289 1045 a

196 1095 280 1158 malo
311 1102 340 1156 et
371 1094 458 1157 labie
488 1101 558 1172 tua,
594 1113 631 1156 ne
662 1095 829 1174 loquantur
859 1095 971 1157 dolam.
1022 1093 1137 1157 Deinde
1167 1096 1289 1177 inquire

195 1228 303 1289 pacem
333 1215 364 1270 at
390 1226 519 1288 sequere
549 1227 623 1269 eam.
647 1204 680 1291 l)
730 1207 834 1270 Pacem
865 1207 942 1271 illam
969 1207 1056 1273 Iacob
1087 1211 1181 1273 sancti
1210 1210 1287 1291 vide,

199 1341 258 1404 qua
280 1329 312 1386 tu
333 1321 457 1405 primum
486 1297 758 1398 sedatffianimum3
790 1323 816 1384 si
844 1340 905 1385 non
935 1324 1154 1404 praevalueris,
1186 1323 1287 1388 frenos

197 1435 317 1518 linguae
353 1437 463 1517 inpone
499 1442 586 1514 tuae;
629 1435 736 1500 deinde
773 1436 1021 1500 reconciliationis
1061 1437 1186 1501 studium
1227 1457 1288 1502 uon

197 1551 422 1631 praetermittas.
466 1550 547 1613 Haec
579 1558 715 1614 oratores
746 1551 857 1613 saeculi
889 1550 926 1615 de
956 1554 1066 1615 nostris
1096 1558 1235 1634 usurpata
1258 1552 1288 1614 in

198 1663 260 1726 suis
283 1681 414 1745 posuere
437 1663 538 1740 libris;
568 1662 622 1726 sad
645 1663 693 1726 ille
716 1679 824 1726 sensus
846 1663 933 1726 huius
955 1664 1044 1726 habet
1065 1665 1206 1748 gratiam,
1238 1665 1288 1746 qui

197 1777 279 1859 prior
302 1777 383 1841 dixit.

284 1887 335 1955 93.
380 1893 510 1954 Vitemus
541 1910 616 1976 ergo
646 1900 696 1956 aut
724 1901 921 1976 temperemus
952 1892 1149 1974 iracundiam,
1184 1913 1222 1957 ne
1251 1895 1288 1957 sit
1396 1965 1400 1971 g

197 2005 262 2068 eius
293 2012 343 2068 aut
371 2007 401 2070 in
429 2005 564 2069 laudibus
587 2009 724 2089 exceptio
748 2013 797 2070 aut
819 2008 850 2069 in
872 2008 949 2070 uitiis
973 2009 1176 2091 exaggeratio.
1220 2007 1287 2072 Non

197 2118 348 2184 mediocre
371 2125 416 2183 est
438 2121 573 2204 mitigare
596 2120 785 2201 iracundiam,
808 2140 869 2185 non
891 2121 1031 2200 inferius,
1058 2140 1144 2202 quam
1167 2122 1286 2185 omnino

197 2251 258 2297 non
288 2237 477 2299 commoveri.
523 2236 587 2300 Hoc
617 2243 750 2300 nostrum
780 2241 842 2314 est,
876 2242 999 2298 naturae
1027 2234 1107 2297 illud.
1152 2235 1287 2316 Denique

198 2349 414 2413 commotiones
436 2351 467 2412 in
489 2351 590 2431 pueris
610 2351 750 2415 innoxiae
765 2356 843 2429 sunt,
867 2367 945 2430 quae
959 2349 1024 2431 plus
1039 2348 1148 2411 habent
1163 2351 1287 2434 gratiae,

198 2477 284 2540 quam
307 2460 516 2524 amaritudinis.
562 2461 646 2525 Etsi
669 2465 727 2525 cito
750 2464 835 2545 pueri
858 2464 935 2524 inter
956 2481 989 2525 se
1012 2469 1176 2542 moventur,
1201 2463 1287 2525 facile

197 2571 339 2637 sedantur
372 2581 402 2636 ct
434 2577 537 2637 maiori
572 2578 714 2639 suavitate
745 2577 775 2638 in
806 2595 839 2639 se
869 2583 1035 2640 recurrunt.
1081 2578 1222 2641 Nesciunt
1253 2593 1286 2640 so

198 2685 322 2750 subdole
345 2688 564 2769 artificioseque
586 2696 722 2752 tractare.
760 2689 859 2753 Nolite
881 2691 937 2754 hos
957 2698 1149 2755 contemnere
1164 2709 1285 2774 pueros,

198 2798 364 2881 dequibus
387 2801 524 2865 dominus
547 2799 651 2887 ait:³)
682 2804 752 2866 Nisi
781 2806 925 2868 conuersi
952 2805 1079 2886 fueritis
1109 2815 1140 2868 et
1166 2791 1286 2888 efficiass

197 2914 274 2976 mini
300 2917 384 2979 sicat
405 2935 487 2996 puer
515 2917 591 2996 iste,
622 2937 686 2982 non
714 2918 874 2981 intrabitis
903 2920 937 3008 in
966 2939 1093 3000 caynam
1120 2921 1285 2984 coeloram.

196 3027 299 3110 ltaque
326 3031 391 3112 ipse
421 3029 576 3111 dominus,
607 3031 665 3094 hoc
691 3038 753 3113 est,
785 3031 834 3094 dei
856 3033 967 3114 virtus,
999 3034 1075 3098 sicut
1097 3054 1189 3116 puer,
1221 3054 1287 3099 cum

197 3141 434 3222 malediceretur,
457 3161 517 3205 non
539 3144 724 3207 remaledixit
731 3167 741 3223 ;
767 3164 833 3208 cum
855 3152 1071 3229 percuteretur,
1095 3166 1156 3212 non
1178 3167 1286 3231 reper-

198 3255 298 3318 cussit.
315 3249 348 3339 ⁴)
391 3254 433 3318 lta
456 3273 530 3339 ergo
553 3263 582 3319 te
605 3275 751 3339 conpara,
783 3266 816 3322 ut
844 3262 929 3340 quasi
957 3280 1033 3343 puer
1062 3263 1197 3326 iniuriam
1226 3280 1286 3327 non

197 3375 317 3449 teneas,
347 3370 484 3434 malitiam
506 3389 566 3435 ncn
590 3390 750 3436 exerceas:
783 3375 880 3436 omnia
903 3393 920 3438 a
941 3380 971 3438 te
993 3375 1170 3440 innocenter
1190 3377 1286 3460 proli-

199 3481 354 3547 ciscantur.
408 3484 476 3548 Non
510 3486 684 3550 consideres
720 3486 791 3568 quid
822 3489 859 3552 ab
893 3490 957 3552 aliis
989 3493 1020 3555 in
1050 3498 1081 3554 tc
1109 3498 1285 3564 reuertatur.

198 3595 309 3659 Locum
342 3603 423 3661 tuum
456 3615 561 3679 serva,
595 3600 808 3682 simplicitatem
839 3608 869 3664 ct
899 3603 1053 3684 puritatem
1083 3605 1126 3667 tui
1157 3605 1286 3685 pectoris

199 3708 324 3773 custodi.
368 3710 437 3773 Noli
459 3710 644 3791 respondere
667 3712 741 3776 irato
772 3712 809 3776 ad
835 3715 1014 3778 iracundiam
1038 3716 1117 3795 eius,
1150 3717 1213 3779 sive
1236 3717 1286 3779 in-

199 3823 336 3906 prudenti
368 3823 405 3888 ad
437 3826 661 3907 inprudentiam.
715 3825 780 3890 Cito
816 3827 901 3910 culpa
935 3829 1048 3910 culpam
1083 3829 1201 3892 excutit.
1256 3830 1286 3896 Si

199 3936 310 4018 lapides
333 3942 424 4018 teras,
447 3957 547 4002 nonne
569 3940 646 4024 ignis
670 3939 821 4022 erumpit?

198 4052 406 4066 -——-—-

263 4091 299 4231 ³l)
316 4089 406 4146 Psalm.
425 4091 468 4160 33,
487 4094 528 4149 lt.
581 4094 736 4163 apirian.
757 4093 796 4146 15.
851 4092 879 4160 3)
898 4093 981 4147 Matth.
998 4093 1041 4162 18,
1057 4094 1081 4150 3.
1134 4098 1163 4165 d)
1184 4098 1285 4154 l.Patr.

199 4177 227 4246 2,
245 4177 287 4232 2.
