2976 4706
280 343 344 408 158
729 343 754 397 S.
774 343 930 400 hhssnosn

368 498 437 566 103.
482 501 675 567 Commendat
696 504 859 586 plerosque
883 507 970 568 etiam
993 506 1186 588 hospitalitas.
1223 508 1277 572 Est
1298 510 1376 572 enim

277 614 393 695 publica
416 616 534 697 species
556 617 760 698 humanitatis,
786 625 819 680 ut
840 619 1019 702 peregrinus
1042 619 1170 703 hospitio
1192 638 1253 684 non
1277 629 1375 706 egeat,

275 729 453 809 suscipiatur
483 728 632 809 officiose,
664 735 763 810 pateat
793 729 963 794 advenienti
992 732 1090 796 ianua.
1135 733 1228 796 Valde
1257 733 1285 796 id
1318 735 1374 797 de-

276 859 378 903 corum
408 842 496 905 totius
520 849 567 906 est
589 842 670 905 orbis
694 843 932 922 existimatione,
967 845 1148 926 peregrinos
1170 865 1236 909 curn
1259 847 1375 910 honore

275 954 439 1034 suscipere,
461 971 523 1016 non
545 953 653 1016 deesse
675 971 798 1018 mensae
822 954 1029 1035 hospitalitatis
1052 958 1188 1038 gratiam,
1213 975 1374 1022 occurrere

275 1063 380 1128 officiis
403 1065 604 1145 liberalitatis,
627 1067 787 1148 explorare
810 1067 956 1130 adventus
978 1067 1134 1148 hospitum.

364 1176 433 1242 101.
479 1179 566 1254 Quod
581 1177 721 1242 Abrahae
743 1179 823 1242 laudi
845 1186 891 1242 est
914 1179 1021 1259 datum,
1037 1178 1069 1264 ¹)
1093 1181 1143 1262 qni
1166 1188 1235 1244 ante
1257 1184 1373 1246 ianuam

274 1307 358 1354 suam
380 1292 601 1373 speculabatur,
633 1310 672 1355 ne
695 1291 774 1355 torte
802 1293 979 1373 praeteriret
1007 1294 1187 1376 peregrinus
1215 1295 1321 1375 aliquis
1343 1300 1374 1356 et

275 1403 433 1488 diligenter
454 1405 668 1488 praetendebat
689 1405 842 1484 excubias,
865 1409 897 1467 ut
916 1413 1100 1484 occurreret,
1124 1413 1156 1469 ut
1171 1407 1371 1487 praeveniret,

273 1524 306 1581 ut
327 1524 459 1601 rogaret,
483 1537 522 1580 nc
543 1519 682 1580 transiret
709 1517 830 1599 hospes,
855 1516 975 1580 dicens:
992 1515 1191 1599 ⁸²)'Domine,
1215 1521 1245 1580 si
1268 1505 1372 1603 iplocni
1387 1539 1401 1574 ,ι

272 1632 408 1710 praticae
431 1639 503 1693 ente
526 1640 565 1707 te,
590 1650 628 1692 oc
647 1629 854 1712 praeterieris
873 1647 1005 1710 puerum
1028 1639 1120 1694 tuum.
1165 1631 1203 1696 Et
1223 1617 1292 1695 ideo
1315 1649 1370 1714 pro

272 1742 476 1826 hospitalitatis
498 1743 639 1806 mercede
663 1744 789 1806 fructum
811 1745 993 1826 posteritatis
1015 1746 1138 1825 recepit.

362 1854 432 1921 105.
476 1857 533 1920 Lot
548 1853 581 1939 ³)
604 1873 724 1940 quoque
747 1874 843 1938 nepos
867 1855 931 1918 eius
955 1873 1015 1919 non
1035 1855 1132 1920 solum
1154 1873 1287 1936 genere,
1317 1854 1371 1916 sed

272 1969 360 2032 etiarn
382 1969 490 2032 virtute
513 1967 667 2050 proximus
688 1972 812 2048 propter
834 1966 1038 2047 hospitalitatis
1065 1967 1202 2031 affectum
1225 1965 1367 2032 Sodomi-

271 2087 339 2144 tana
362 2099 379 2144 a
402 2098 436 2144 se
458 2081 580 2162 suisque
606 2079 749 2163 supplicia
776 2078 908 2142 detorsit.

360 2192 431 2259 106.
477 2196 573 2257 Decet
603 2195 693 2276 igitur
721 2193 897 2274 hospitalem
928 2207 1016 2273 esse,
1047 2192 1224 2275 benignum,
1252 2195 1370 2273 iustum,

269 2289 330 2372 non
353 2307 441 2370 alieni
463 2307 612 2389 cupidum,
635 2307 724 2368 immo
741 2305 850 2368 desua
872 2307 937 2368 inre
959 2305 1116 2370 cedentem
1139 2308 1237 2387 potius
1260 2306 1367 2387 aliqua,

268 2418 406 2481 siluerit
431 2419 603 2497 lacessitus,
634 2437 721 2499 qnam
752 2419 848 2482 aliena
879 2419 943 2481 iura
973 2419 1159 2500 pulsantem,
1192 2417 1368 2499 fugitantem

268 2530 377 2609 litium,
400 2530 611 2594 abhorrentem
627 2549 643 2592 a
659 2531 780 2613 iurgiis,
803 2530 996 2594 redimentem
1019 2531 1211 2594 concordiam
1233 2535 1264 2591 et
1281 2536 1367 2592 tran-

268 2641 416 2722 quillitatis
437 2642 572 2723 gratiam.
616 2639 767 2721 Siquidem
782 2639 822 2702 de
837 2659 893 2704 suo
917 2642 982 2704 iure
1004 2643 1100 2705 virum
1123 2643 1232 2705 bonum
1256 2640 1367 2722 aliquid

267 2753 423 2834 relaxare,
452 2770 513 2816 non
536 2752 632 2815 solum
654 2751 856 2830 liberalitatis,
886 2750 942 2814 sed
963 2752 1138 2833 plerumque
1169 2752 1254 2815 etiarn
1278 2768 1366 2814 com-

267 2864 415 2928 moditatis
439 2870 492 2928 est.
537 2863 663 2927 Primum
686 2863 843 2944 dispendio
864 2863 923 2927 litis
946 2881 1051 2928 carere
1070 2881 1132 2927 non
1151 2863 1302 2926 mediocre
1319 2870 1366 2928 est
1478 2929 1479 2940 ,

267 2977 397 3052 luorum3
428 2974 536 3038 debrde
557 2975 673 3038 accedit
695 2976 732 3038 ad
755 2975 882 3040 fructum
904 2976 984 3058 quod
1008 2983 1136 3059 augetur
1158 2975 1302 3054 amicitia,
1326 2993 1366 3037 ex

268 3105 326 3168 qua
348 3087 484 3150 oriemur
505 3088 649 3168 plurimae
676 3087 916 3169 commoditates,
943 3107 1021 3170 quae
1044 3088 1245 3152 contemnenti
1267 3087 1365 3168 abque

266 3199 455 3282 intempore
477 3207 584 3281 postea
606 3201 778 3266 fructuosae
802 3211 897 3266 erunt.

356 3309 427 3376 107.
471 3312 503 3376 ln
527 3313 632 3379 olheiis
654 3321 752 3379 autem
774 3313 966 3396 hospitalibus
999 3314 1136 3378 omnibus
1161 3313 1281 3394 quidem
1303 3311 1364 3376 hu-

265 3426 389 3490 manitas
412 3423 596 3506 inpartienda
619 3432 682 3504 est,
705 3425 789 3488 iustis
812 3430 910 3489 autem
929 3425 1051 3488 uberior
1074 3422 1239 3488 deferenda
1261 3422 1364 3488 hono-

265 3541 425 3618 riticentia;
440 3535 473 3620 ⁴)
507 3540 690 3620 potensque
727 3540 809 3600 anim
841 3539 955 3602 iustam
986 3537 1142 3615 receperit
1174 3535 1208 3597 in
1239 3537 1364 3600 nomine
1478 3563 1479 3614 p

265 3651 353 3729 iusti,
377 3651 545 3715 mercedem
558 3650 635 3712 iusti
650 3650 790 3731 accipiet,
814 3656 846 3712 ut
868 3648 1004 3712 dominus
1023 3644 1232 3730 pronuntiavit.
1271 3645 1363 3710 Tanta

266 3768 312 3826 est
334 3763 412 3825 enim
434 3760 513 3844 apud
535 3759 623 3823 deum
646 3762 851 3844 hospitalitatis
873 3760 986 3842 gratia,
1019 3763 1052 3824 ut
1069 3761 1219 3841 nepotes
1242 3755 1363 3839 quidam
1478 3819 1479 3842 ,

266 4108 280 4161 1
337 4023 507 4161 1¹)uen.18,
528 4028 608 4094 lseq.
661 4028 690 4094 2)
709 4027 808 4080 lbidv.
823 4025 846 4077 3.
900 4025 930 4094 ³)
947 4024 1010 4078 lbid.
1030 4023 1072 4090 19,
1092 4021 1173 4092 lseq.
1226 4023 1257 4094 1)
1275 4021 1363 4079 nauh

282 4109 344 4177 o,t
377 4125 433 4179 seq.
