<?xml version="1.0" encoding="UTF-8"?>
<!DOCTYPE html PUBLIC "-//W3C//DTD XHTML 1.0 Transitional//EN"
    "http://www.w3.org/TR/xhtml1/DTD/xhtml1-transitional.dtd">
<html xmlns="http://www.w3.org/1999/xhtml" xml:lang="en" lang="en">
 <head>
  <title>
</title>
<meta http-equiv="Content-Type" content="text/html;charset=utf-8" />
  <meta name='ocr-system' content='tesseract 3.04.00' />
  <meta name='ocr-capabilities' content='ocr_page ocr_carea ocr_par ocr_line ocrx_word'/>
</head>
<body>
  <div class='ocr_page' id='page_1' title='image "./deofficiisminis01krabgoog_0078.png"; bbox 0 0 2932 4700; ppageno 0'>
   <div class='ocr_carea' id='block_1_1' title="bbox 373 363 1219 434">
    <p class='ocr_par' dir='ltr' id='par_1_1' title="bbox 373 363 1219 434">
     <span class='ocr_line' id='line_1_1' title="bbox 373 363 1219 434; baseline -0.002 -8"><span class='ocrx_word' id='word_1_1' title='bbox 373 373 420 426; x_wconf 77' lang='lat' dir='ltr'>DE</span> <span class='ocrx_word' id='word_1_2' title='bbox 440 369 576 428; x_wconf 73' lang='lat' dir='ltr'>oumcns</span> <span class='ocrx_word' id='word_1_3' title='bbox 594 367 817 424; x_wconf 76' lang='lat' dir='ltr'>ttttttstttontiu</span> <span class='ocrx_word' id='word_1_4' title='bbox 835 367 968 422; x_wconf 79' lang='lat' dir='ltr'>Lllllillh</span> <span class='ocrx_word' id='word_1_5' title='bbox 1176 363 1219 434; x_wconf 78' lang='grc'>’65</span> 
     </span>
    </p>
   </div>
   <div class='ocr_carea' id='block_1_2' title="bbox 122 527 1226 1299">
    <p class='ocr_par' dir='ltr' id='par_1_2' title="bbox 122 527 1226 1299">
     <span class='ocr_line' id='line_1_2' title="bbox 210 527 1221 618; baseline -0.006 -22"><span class='ocrx_word' id='word_1_6' title='bbox 210 529 262 596; x_wconf 86' lang='grc'>94.</span> <span class='ocrx_word' id='word_1_7' title='bbox 306 533 418 597; x_wconf 84' lang='lat' dir='ltr'>Ferunt</span> <span class='ocrx_word' id='word_1_8' title='bbox 441 533 582 618; x_wconf 79' lang='lat' dir='ltr'><strong>gentiles,</strong></span> <span class='ocrx_word' id='word_1_9' title='bbox 605 540 637 597; x_wconf 88' lang='lat' dir='ltr'>ut</span> <span class='ocrx_word' id='word_1_10' title='bbox 659 535 690 596; x_wconf 94' lang='lat' dir='ltr'>in</span> <span class='ocrx_word' id='word_1_11' title='bbox 711 532 806 596; x_wconf 89' lang='lat' dir='ltr'>maius</span> <span class='ocrx_word' id='word_1_12' title='bbox 831 529 929 594; x_wconf 89' lang='lat' dir='ltr'>omnia</span> <span class='ocrx_word' id='word_1_13' title='bbox 952 529 1050 592; x_wconf 86' lang='lat' dir='ltr'>verbis</span> <span class='ocrx_word' id='word_1_14' title='bbox 1075 527 1221 591; x_wconf 79' lang='lat' dir='ltr'>extollere</span> 
     </span>
     <span class='ocr_line' id='line_1_3' title="bbox 122 641 1222 728; baseline 0.002 -22"><span class='ocrx_word' id='word_1_15' title='bbox 122 643 236 724; x_wconf 81' lang='lat' dir='ltr'>solent,</span> <span class='ocrx_word' id='word_1_16' title='bbox 259 643 411 728; x_wconf 76' lang='lat' dir='ltr'>Archytae</span> <span class='ocrx_word' id='word_1_17' title='bbox 427 646 579 710; x_wconf 85' lang='lat' dir='ltr'>Tarentini</span> <span class='ocrx_word' id='word_1_18' title='bbox 602 646 710 710; x_wconf 89' lang='lat' dir='ltr'>dictnm</span> <span class='ocrx_word' id='word_1_19' title='bbox 733 645 918 728; x_wconf 83' lang='lat' dir='ltr'>philosophi,</span> <span class='ocrx_word' id='word_1_20' title='bbox 942 641 1022 726; x_wconf 77' lang='lat' dir='ltr'>quod</span> <span class='ocrx_word' id='word_1_21' title='bbox 1045 641 1082 708; x_wconf 90' lang='lat' dir='ltr'>ad</span> <span class='ocrx_word' id='word_1_22' title='bbox 1104 641 1222 708; x_wconf 81' lang='lat' dir='ltr'>vilicum</span> 
     </span>
     <span class='ocr_line' id='line_1_4' title="bbox 123 757 1223 841; baseline 0.001 -19"><span class='ocrx_word' id='word_1_23' title='bbox 123 775 209 822; x_wconf 87' lang='lat' dir='ltr'>suum</span> <span class='ocrx_word' id='word_1_24' title='bbox 238 757 363 822; x_wconf 81' lang='lat' dir='ltr'>dixerit:</span> <span class='ocrx_word' id='word_1_25' title='bbox 400 759 478 824; x_wconf 91' lang='grc' dir='ltr'><strong>Οιε</strong></span> <span class='ocrx_word' id='word_1_26' title='bbox 501 760 670 840; x_wconf 79' lang='lat' dir='ltr'>infelicem,</span> <span class='ocrx_word' id='word_1_27' title='bbox 704 777 790 841; x_wconf 82' lang='lat' dir='ltr'>quam</span> <span class='ocrx_word' id='word_1_28' title='bbox 814 758 1010 840; x_wconf 89' lang='lat' dir='ltr'>adllictarem,</span> <span class='ocrx_word' id='word_1_29' title='bbox 1045 759 1101 822; x_wconf 89' lang='lat' dir='ltr'>nisi</span> <span class='ocrx_word' id='word_1_30' title='bbox 1132 759 1223 823; x_wconf 90' lang='lat' dir='ltr'>iratus</span> 
     </span>
     <span class='ocr_line' id='line_1_5' title="bbox 124 871 1224 957; baseline 0 -21"><span class='ocrx_word' id='word_1_31' title='bbox 124 873 240 936; x_wconf 89' lang='lat' dir='ltr'>esseml</span> <span class='ocrx_word' id='word_1_32' title='bbox 286 871 346 938; x_wconf 88' lang='lat' dir='ltr'>Sed</span> <span class='ocrx_word' id='word_1_33' title='bbox 368 874 425 936; x_wconf 91' lang='lat' dir='ltr'>iam</span> <span class='ocrx_word' id='word_1_34' title='bbox 449 873 544 938; x_wconf 87' lang='lat' dir='ltr'>David</span> <span class='ocrx_word' id='word_1_35' title='bbox 567 881 597 937; x_wconf 91' lang='grc' dir='ltr'><strong>ει</strong></span> <span class='ocrx_word' id='word_1_36' title='bbox 619 882 759 938; x_wconf 82' lang='lat' dir='ltr'>armatam</span> <span class='ocrx_word' id='word_1_37' title='bbox 783 873 936 937; x_wconf 91' lang='lat' dir='ltr'>dexteram</span> <span class='ocrx_word' id='word_1_38' title='bbox 967 875 997 936; x_wconf 92' lang='lat' dir='ltr'>in</span> <span class='ocrx_word' id='word_1_39' title='bbox 1019 873 1224 957; x_wconf 77' lang='lat' dir='ltr'>indignatione</span> 
     </span>
     <span class='ocr_line' id='line_1_6' title="bbox 123 983 1225 1070; baseline -0.004 -20"><span class='ocrx_word' id='word_1_40' title='bbox 123 994 345 1068; x_wconf 87' lang='lat' dir='ltr'>conpresserat.</span> <span class='ocrx_word' id='word_1_41' title='bbox 367 983 395 1070; x_wconf 86' lang='lat'>¹)</span> <span class='ocrx_word' id='word_1_42' title='bbox 440 987 477 1050; x_wconf 87' lang='lat' dir='ltr'>Et</span> <span class='ocrx_word' id='word_1_43' title='bbox 499 994 610 1068; x_wconf 88' lang='lat' dir='ltr'>quanto</span> <span class='ocrx_word' id='word_1_44' title='bbox 634 987 701 1068; x_wconf 83' lang='lat' dir='ltr'>plus</span> <span class='ocrx_word' id='word_1_45' title='bbox 726 993 772 1048; x_wconf 98' lang='grc' dir='ltr'>εει</span> <span class='ocrx_word' id='word_1_46' title='bbox 794 1004 855 1048; x_wconf 92' lang='lat' dir='ltr'>non</span> <span class='ocrx_word' id='word_1_47' title='bbox 877 985 1109 1066; x_wconf 84' lang='lat' dir='ltr'>remaledicere,</span> <span class='ocrx_word' id='word_1_48' title='bbox 1138 1004 1225 1067; x_wconf 90' lang='lat' dir='ltr'>quarn</span> 
     </span>
     <span class='ocr_line' id='line_1_7' title="bbox 126 1098 1225 1164; baseline -0.003 -1"><span class='ocrx_word' id='word_1_49' title='bbox 126 1119 187 1163; x_wconf 92' lang='lat' dir='ltr'>non</span> <span class='ocrx_word' id='word_1_50' title='bbox 222 1101 401 1164; x_wconf 79' lang='lat' dir='ltr'>vindicare?</span> <span class='ocrx_word' id='word_1_51' title='bbox 451 1101 486 1162; x_wconf 87' lang='lat' dir='ltr'>El</span> <span class='ocrx_word' id='word_1_52' title='bbox 516 1101 676 1164; x_wconf 84' lang='lat' dir='ltr'>bellatores</span> <span class='ocrx_word' id='word_1_53' title='bbox 710 1101 856 1164; x_wconf 87' lang='lat' dir='ltr'>adversus</span> <span class='ocrx_word' id='word_1_54' title='bbox 886 1099 979 1162; x_wconf 90' lang='lat' dir='ltr'>Nabal</span> <span class='ocrx_word' id='word_1_55' title='bbox 1014 1098 1051 1161; x_wconf 92' lang='lat' dir='ltr'>ad</span> <span class='ocrx_word' id='word_1_56' title='bbox 1083 1099 1225 1162; x_wconf 87' lang='lat' dir='ltr'>ultionem</span> 
     </span>
     <span class='ocr_line' id='line_1_8' title="bbox 125 1213 1226 1299; baseline -0.001 -22"><span class='ocrx_word' id='word_1_57' title='bbox 125 1223 247 1295; x_wconf 82' lang='lat' dir='ltr'>paratos</span> <span class='ocrx_word' id='word_1_58' title='bbox 276 1215 396 1299; x_wconf 77' lang='lat' dir='ltr'>Abigail</span> <span class='ocrx_word' id='word_1_59' title='bbox 427 1215 638 1298; x_wconf 88' lang='lat' dir='ltr'>deprecatione</span> <span class='ocrx_word' id='word_1_60' title='bbox 668 1223 873 1278; x_wconf 88' lang='lat' dir='ltr'>revocaverat.</span> <span class='ocrx_word' id='word_1_61' title='bbox 928 1213 1013 1276; x_wconf 86' lang='lat' dir='ltr'>Unde</span> <span class='ocrx_word' id='word_1_62' title='bbox 1045 1213 1226 1277; x_wconf 78' lang='lat' dir='ltr'>advertimus</span> 
     </span>
    </p>
   </div>
   <div class='ocr_carea' id='block_1_3' title="bbox 7 1324 1227 1521">
    <p class='ocr_par' dir='ltr' id='par_1_3' title="bbox 7 1324 1227 1521">
     <span class='ocr_line' id='line_1_9' title="bbox 8 1324 1226 1410; baseline 0.002 -22"><span class='ocrx_word' id='word_1_63' title='bbox 8 1407 9 1410; x_wconf 8' lang='grc' dir='ltr'><strong>Ἴ</strong></span> <span class='ocrx_word' id='word_1_64' title='bbox 125 1328 312 1407; x_wconf 88' lang='lat' dir='ltr'>tempestivis</span> <span class='ocrx_word' id='word_1_65' title='bbox 346 1345 468 1408; x_wconf 88' lang='lat' dir='ltr'>quoque</span> <span class='ocrx_word' id='word_1_66' title='bbox 502 1327 769 1390; x_wconf 86' lang='lat' dir='ltr'>intercessionibus</span> <span class='ocrx_word' id='word_1_67' title='bbox 802 1343 863 1388; x_wconf 90' lang='lat' dir='ltr'>non</span> <span class='ocrx_word' id='word_1_68' title='bbox 893 1324 988 1389; x_wconf 87' lang='lat' dir='ltr'>solum</span> <span class='ocrx_word' id='word_1_69' title='bbox 1020 1325 1129 1390; x_wconf 88' lang='lat' dir='ltr'>cedere</span> <span class='ocrx_word' id='word_1_70' title='bbox 1160 1345 1226 1406; x_wconf 90' lang='lat' dir='ltr'>nos,</span> 
     </span>
     <span class='ocr_line' id='line_1_10' title="bbox 7 1425 1227 1521; baseline 0 -19"><span class='ocrx_word' id='word_1_71' title='bbox 7 1425 9 1486; x_wconf 60' lang='grc' dir='ltr'>ι’</span> <span class='ocrx_word' id='word_1_72' title='bbox 126 1439 180 1502; x_wconf 88' lang='lat' dir='ltr'>sed</span> <span class='ocrx_word' id='word_1_73' title='bbox 205 1442 292 1502; x_wconf 89' lang='lat' dir='ltr'>etiam</span> <span class='ocrx_word' id='word_1_74' title='bbox 316 1439 459 1503; x_wconf 87' lang='lat' dir='ltr'>delectari</span> <span class='ocrx_word' id='word_1_75' title='bbox 482 1447 632 1521; x_wconf 88' lang='lat' dir='ltr'>oportere.</span> <span class='ocrx_word' id='word_1_76' title='bbox 677 1439 722 1502; x_wconf 92' lang='lat' dir='ltr'>Eo</span> <span class='ocrx_word' id='word_1_77' title='bbox 746 1457 842 1521; x_wconf 88' lang='lat' dir='ltr'>usque</span> <span class='ocrx_word' id='word_1_78' title='bbox 865 1445 963 1502; x_wconf 88' lang='lat' dir='ltr'>autem</span> <span class='ocrx_word' id='word_1_79' title='bbox 987 1439 1150 1504; x_wconf 87' lang='lat' dir='ltr'>delectatus</span> <span class='ocrx_word' id='word_1_80' title='bbox 1171 1447 1227 1520; x_wconf 88' lang='lat' dir='ltr'>est,</span> 
     </span>
    </p>
   </div>
   <div class='ocr_carea' id='block_1_4' title="bbox 126 1553 1228 1732">
    <p class='ocr_par' dir='ltr' id='par_1_4' title="bbox 126 1553 1228 1732">
     <span class='ocr_line' id='line_1_11' title="bbox 126 1553 1228 1634; baseline 0 -17"><span class='ocrx_word' id='word_1_81' title='bbox 126 1561 160 1616; x_wconf 91' lang='lat' dir='ltr'>ut</span> <span class='ocrx_word' id='word_1_82' title='bbox 181 1555 376 1617; x_wconf 88' lang='lat' dir='ltr'>benediceret</span> <span class='ocrx_word' id='word_1_83' title='bbox 404 1556 670 1633; x_wconf 72' lang='lat' dir='ltr'>interuenientem,</span> <span class='ocrx_word' id='word_1_84' title='bbox 703 1554 783 1634; x_wconf 85' lang='lat' dir='ltr'>quod</span> <span class='ocrx_word' id='word_1_85' title='bbox 807 1555 843 1616; x_wconf 90' lang='lat' dir='ltr'>ab</span> <span class='ocrx_word' id='word_1_86' title='bbox 867 1553 964 1617; x_wconf 87' lang='lat' dir='ltr'>studio</span> <span class='ocrx_word' id='word_1_87' title='bbox 998 1553 1147 1619; x_wconf 78' lang='lat' dir='ltr'>vindictae</span> <span class='ocrx_word' id='word_1_88' title='bbox 1173 1573 1228 1617; x_wconf 90' lang='lat' dir='ltr'>re·</span> 
     </span>
     <span class='ocr_line' id='line_1_12' title="bbox 127 1667 363 1732; baseline 0.004 -3"><span class='ocrx_word' id='word_1_89' title='bbox 127 1673 252 1730; x_wconf 89' lang='lat' dir='ltr'>vocatus</span> <span class='ocrx_word' id='word_1_90' title='bbox 276 1667 363 1732; x_wconf 86' lang='lat' dir='ltr'>leret.</span> 
     </span>
    </p>
   </div>
   <div class='ocr_carea' id='block_1_5' title="bbox 72 1779 1231 2320">
    <p class='ocr_par' dir='ltr' id='par_1_5' title="bbox 72 1779 1231 2320">
     <span class='ocr_line' id='line_1_13' title="bbox 221 1779 1230 1872; baseline 0.002 -26"><span class='ocrx_word' id='word_1_91' title='bbox 221 1779 272 1846; x_wconf 87' lang='grc'>95.</span> <span class='ocrx_word' id='word_1_92' title='bbox 319 1783 378 1845; x_wconf 92' lang='lat' dir='ltr'>lam</span> <span class='ocrx_word' id='word_1_93' title='bbox 402 1783 518 1848; x_wconf 87' lang='lat' dir='ltr'>dixerat</span> <span class='ocrx_word' id='word_1_94' title='bbox 542 1785 578 1848; x_wconf 93' lang='lat' dir='ltr'>de</span> <span class='ocrx_word' id='word_1_95' title='bbox 601 1786 726 1851; x_wconf 92' lang='lat' dir='ltr'>inimicis</span> <span class='ocrx_word' id='word_1_96' title='bbox 750 1787 829 1850; x_wconf 90' lang='lat' dir='ltr'>suis:</span> <span class='ocrx_word' id='word_1_97' title='bbox 847 1783 880 1872; x_wconf 76' lang='lat'>²)</span> <span class='ocrx_word' id='word_1_98' title='bbox 911 1785 1065 1862; x_wconf 82' lang='lat' dir='ltr'>Quoniam</span> <span class='ocrx_word' id='word_1_99' title='bbox 1087 1787 1230 1850; x_wconf 85' lang='lat' dir='ltr'>declina·-</span> 
     </span>
     <span class='ocr_line' id='line_1_14' title="bbox 127 1898 1228 1980; baseline 0.003 -20"><span class='ocrx_word' id='word_1_100' title='bbox 127 1905 241 1960; x_wconf 81' lang='lat' dir='ltr'>verant</span> <span class='ocrx_word' id='word_1_101' title='bbox 271 1898 305 1958; x_wconf 85' lang='lat' dir='ltr'>iu</span> <span class='ocrx_word' id='word_1_102' title='bbox 336 1918 383 1959; x_wconf 86' lang='lat' dir='ltr'>me</span> <span class='ocrx_word' id='word_1_103' title='bbox 415 1898 627 1980; x_wconf 83' lang='lat' dir='ltr'>iniquitatem,</span> <span class='ocrx_word' id='word_1_104' title='bbox 661 1909 691 1962; x_wconf 90' lang='lat' dir='ltr'>et</span> <span class='ocrx_word' id='word_1_105' title='bbox 717 1902 752 1962; x_wconf 85' lang='lat' dir='ltr'>in</span> <span class='ocrx_word' id='word_1_106' title='bbox 781 1901 833 1961; x_wconf 84' lang='lat' dir='ltr'>iro</span> <span class='ocrx_word' id='word_1_107' title='bbox 866 1901 989 1963; x_wconf 85' lang='lat' dir='ltr'>molesti</span> <span class='ocrx_word' id='word_1_108' title='bbox 1023 1909 1114 1963; x_wconf 84' lang='lat' dir='ltr'>erent</span> <span class='ocrx_word' id='word_1_109' title='bbox 1145 1901 1228 1963; x_wconf 84' lang='lat' dir='ltr'>mihi.</span> 
     </span>
     <span class='ocr_line' id='line_1_15' title="bbox 128 2009 1230 2096; baseline 0.001 -23"><span class='ocrx_word' id='word_1_110' title='bbox 128 2009 292 2074; x_wconf 87' lang='lat' dir='ltr'>Audiamus</span> <span class='ocrx_word' id='word_1_111' title='bbox 321 2012 455 2074; x_wconf 88' lang='lat' dir='ltr'>turbatus</span> <span class='ocrx_word' id='word_1_112' title='bbox 486 2012 515 2073; x_wconf 93' lang='lat' dir='ltr'>in</span> <span class='ocrx_word' id='word_1_113' title='bbox 546 2013 590 2073; x_wconf 91' lang='lat' dir='ltr'>ira</span> <span class='ocrx_word' id='word_1_114' title='bbox 621 2010 691 2092; x_wconf 85' lang='lat' dir='ltr'>quid</span> <span class='ocrx_word' id='word_1_115' title='bbox 723 2011 846 2074; x_wconf 89' lang='lat' dir='ltr'>dixerit:</span> <span class='ocrx_word' id='word_1_116' title='bbox 865 2009 897 2096; x_wconf 85' lang='lat'>³)</span> <span class='ocrx_word' id='word_1_117' title='bbox 934 2011 1011 2087; x_wconf 81' lang='lat' dir='ltr'>Onia</span> <span class='ocrx_word' id='word_1_118' title='bbox 1044 2012 1129 2075; x_wconf 85' lang='lat' dir='ltr'>dabit</span> <span class='ocrx_word' id='word_1_119' title='bbox 1154 2013 1230 2074; x_wconf 84' lang='lat' dir='ltr'>mihi</span> 
     </span>
     <span class='ocr_line' id='line_1_16' title="bbox 127 2123 1231 2204; baseline 0.002 -20"><span class='ocrx_word' id='word_1_120' title='bbox 127 2141 253 2202; x_wconf 82' lang='lat' dir='ltr'>pennos</span> <span class='ocrx_word' id='word_1_121' title='bbox 284 2125 368 2185; x_wconf 80' lang='lat' dir='ltr'>siout</span> <span class='ocrx_word' id='word_1_122' title='bbox 391 2123 568 2200; x_wconf 85' lang='lat' dir='ltr'>columboe,</span> <span class='ocrx_word' id='word_1_123' title='bbox 601 2133 631 2185; x_wconf 89' lang='lat' dir='ltr'>et</span> <span class='ocrx_word' id='word_1_124' title='bbox 651 2123 785 2202; x_wconf 82' lang='lat' dir='ltr'>volabo,</span> <span class='ocrx_word' id='word_1_125' title='bbox 819 2131 849 2184; x_wconf 81' lang='lat' dir='ltr'>ei</span> <span class='ocrx_word' id='word_1_126' title='bbox 871 2126 1086 2204; x_wconf 84' lang='lat' dir='ltr'>requiescam?</span> <span class='ocrx_word' id='word_1_127' title='bbox 1129 2123 1171 2187; x_wconf 94' lang='lat' dir='ltr'>llli</span> <span class='ocrx_word' id='word_1_128' title='bbox 1193 2123 1231 2188; x_wconf 91' lang='lat' dir='ltr'>ad</span> 
     </span>
     <span class='ocr_line' id='line_1_17' title="bbox 72 2235 1043 2320; baseline 0.002 -22"><span class='ocrx_word' id='word_1_129' title='bbox 72 2265 75 2268; x_wconf 96' lang='lat'>·</span> <span class='ocrx_word' id='word_1_130' title='bbox 129 2235 310 2299; x_wconf 89' lang='lat' dir='ltr'>iracundiam</span> <span class='ocrx_word' id='word_1_131' title='bbox 332 2238 551 2318; x_wconf 88' lang='lat' dir='ltr'>provocabant,</span> <span class='ocrx_word' id='word_1_132' title='bbox 574 2237 621 2299; x_wconf 92' lang='lat' dir='ltr'>hic</span> <span class='ocrx_word' id='word_1_133' title='bbox 645 2237 1043 2320; x_wconf 77' lang='lat' dir='ltr'>tranquillitatem&#39;eligebat</span> 
     </span>
    </p>
   </div>
   <div class='ocr_carea' id='block_1_6' title="bbox 131 2349 1235 3913">
    <p class='ocr_par' dir='ltr' id='par_1_6' title="bbox 131 2349 1235 3913">
     <span class='ocr_line' id='line_1_18' title="bbox 219 2349 1231 2435; baseline -0.003 -19"><span class='ocrx_word' id='word_1_134' title='bbox 219 2349 271 2416; x_wconf 83' lang='grc'>96.</span> <span class='ocrx_word' id='word_1_135' title='bbox 316 2353 376 2415; x_wconf 87' lang='lat' dir='ltr'>lam</span> <span class='ocrx_word' id='word_1_136' title='bbox 400 2352 530 2416; x_wconf 83' lang='lat' dir='ltr'>dixerat:</span> <span class='ocrx_word' id='word_1_137' title='bbox 547 2350 580 2435; x_wconf 82' lang='lat'>⁴]</span> <span class='ocrx_word' id='word_1_138' title='bbox 606 2352 785 2414; x_wconf 80' lang='lat' dir='ltr'>Irascimini</span> <span class='ocrx_word' id='word_1_139' title='bbox 807 2360 838 2413; x_wconf 81' lang='lat' dir='ltr'>ct</span> <span class='ocrx_word' id='word_1_140' title='bbox 858 2353 953 2415; x_wconf 83' lang='lat' dir='ltr'>nolite</span> <span class='ocrx_word' id='word_1_141' title='bbox 972 2370 1115 2432; x_wconf 81' lang='lat' dir='ltr'>peccare.</span> <span class='ocrx_word' id='word_1_142' title='bbox 1160 2349 1231 2413; x_wconf 87' lang='grc' dir='ltr'>Μο-</span> 
     </span>
     <span class='ocr_line' id='line_1_19' title="bbox 131 2465 1231 2551; baseline -0.001 -22"><span class='ocrx_word' id='word_1_143' title='bbox 131 2467 203 2529; x_wconf 91' lang='lat' dir='ltr'>ralis</span> <span class='ocrx_word' id='word_1_144' title='bbox 236 2467 396 2550; x_wconf 81' lang='lat' dir='ltr'>magister,</span> <span class='ocrx_word' id='word_1_145' title='bbox 434 2468 484 2547; x_wconf 89' lang='lat' dir='ltr'>qui</span> <span class='ocrx_word' id='word_1_146' title='bbox 518 2465 681 2529; x_wconf 89' lang='lat' dir='ltr'>naturalem</span> <span class='ocrx_word' id='word_1_147' title='bbox 715 2465 854 2528; x_wconf 86' lang='lat' dir='ltr'>allectum</span> <span class='ocrx_word' id='word_1_148' title='bbox 891 2465 1100 2530; x_wconf 87' lang='lat' dir='ltr'>inflectendum</span> <span class='ocrx_word' id='word_1_149' title='bbox 1137 2467 1231 2551; x_wconf 84' lang='lat' dir='ltr'>magis</span> 
     </span>
     <span class='ocr_line' id='line_1_20' title="bbox 131 2579 1230 2662; baseline -0.001 -20"><span class='ocrx_word' id='word_1_150' title='bbox 131 2581 248 2642; x_wconf 91' lang='lat' dir='ltr'>ratione</span> <span class='ocrx_word' id='word_1_151' title='bbox 271 2580 438 2658; x_wconf 87' lang='lat' dir='ltr'>doctrinae,</span> <span class='ocrx_word' id='word_1_152' title='bbox 462 2599 550 2660; x_wconf 86' lang='lat' dir='ltr'>quam</span> <span class='ocrx_word' id='word_1_153' title='bbox 573 2579 796 2662; x_wconf 87' lang='lat' dir='ltr'>exstirpandum</span> <span class='ocrx_word' id='word_1_154' title='bbox 818 2586 958 2661; x_wconf 88' lang='lat' dir='ltr'>noverat,</span> <span class='ocrx_word' id='word_1_155' title='bbox 982 2582 1104 2644; x_wconf 89' lang='lat' dir='ltr'>moralia</span> <span class='ocrx_word' id='word_1_156' title='bbox 1127 2579 1230 2657; x_wconf 90' lang='lat' dir='ltr'>doeet;</span> 
     </span>
     <span class='ocr_line' id='line_1_21' title="bbox 132 2692 1231 2777; baseline 0.004 -23"><span class='ocrx_word' id='word_1_157' title='bbox 132 2692 191 2755; x_wconf 91' lang='lat' dir='ltr'>hoc</span> <span class='ocrx_word' id='word_1_158' title='bbox 213 2700 276 2769; x_wconf 85' lang='lat' dir='ltr'>est:</span> <span class='ocrx_word' id='word_1_159' title='bbox 307 2693 469 2758; x_wconf 88' lang='lat' dir='ltr'>Irascimini</span> <span class='ocrx_word' id='word_1_160' title='bbox 499 2696 549 2757; x_wconf 94' lang='lat' dir='ltr'>ubi</span> <span class='ocrx_word' id='word_1_161' title='bbox 579 2695 665 2777; x_wconf 90' lang='lat' dir='ltr'>culpa</span> <span class='ocrx_word' id='word_1_162' title='bbox 698 2701 760 2774; x_wconf 90' lang='grc' dir='ltr'><strong>εει,</strong></span> <span class='ocrx_word' id='word_1_163' title='bbox 791 2696 839 2759; x_wconf 92' lang='lat' dir='ltr'>cui</span> <span class='ocrx_word' id='word_1_164' title='bbox 864 2696 953 2758; x_wconf 90' lang='lat' dir='ltr'>irasci</span> <span class='ocrx_word' id='word_1_165' title='bbox 977 2694 1118 2759; x_wconf 87' lang='lat' dir='ltr'>debeatis.</span> <span class='ocrx_word' id='word_1_166' title='bbox 1164 2695 1231 2758; x_wconf 91' lang='lat' dir='ltr'>Non</span> 
     </span>
     <span class='ocr_line' id='line_1_22' title="bbox 131 2806 1231 2893; baseline 0.003 -24"><span class='ocrx_word' id='word_1_167' title='bbox 131 2814 232 2887; x_wconf 86' lang='lat' dir='ltr'>potest</span> <span class='ocrx_word' id='word_1_168' title='bbox 255 2808 333 2871; x_wconf 88' lang='lat' dir='ltr'>enim</span> <span class='ocrx_word' id='word_1_169' title='bbox 356 2808 437 2889; x_wconf 88' lang='lat' dir='ltr'>lieri,</span> <span class='ocrx_word' id='word_1_170' title='bbox 469 2815 584 2893; x_wconf 85' lang='lat' dir='ltr'>utnon</span> <span class='ocrx_word' id='word_1_171' title='bbox 607 2827 707 2870; x_wconf 88' lang='lat' dir='ltr'>rerum</span> <span class='ocrx_word' id='word_1_172' title='bbox 730 2806 904 2891; x_wconf 85' lang='lat' dir='ltr'>indignitate</span> <span class='ocrx_word' id='word_1_173' title='bbox 930 2825 1103 2873; x_wconf 87' lang='lat' dir='ltr'>moveamur</span> <span class='ocrx_word' id='word_1_174' title='bbox 1110 2830 1120 2886; x_wconf 92' lang='lat'>;</span> <span class='ocrx_word' id='word_1_175' title='bbox 1151 2808 1231 2872; x_wconf 89' lang='lat' dir='ltr'>alio-</span> 
     </span>
     <span class='ocr_line' id='line_1_23' title="bbox 133 2920 1232 3000; baseline 0.005 -19"><span class='ocrx_word' id='word_1_176' title='bbox 133 2920 206 3000; x_wconf 92' lang='lat' dir='ltr'>quin</span> <span class='ocrx_word' id='word_1_177' title='bbox 228 2939 289 2986; x_wconf 93' lang='lat' dir='ltr'>non</span> <span class='ocrx_word' id='word_1_178' title='bbox 311 2923 423 3000; x_wconf 88' lang='lat' dir='ltr'>virtus,</span> <span class='ocrx_word' id='word_1_179' title='bbox 452 2921 507 2986; x_wconf 91' lang='lat' dir='ltr'>sed</span> <span class='ocrx_word' id='word_1_180' title='bbox 536 2921 680 2985; x_wconf 87' lang='lat' dir='ltr'>lentitudo</span> <span class='ocrx_word' id='word_1_181' title='bbox 703 2929 733 2985; x_wconf 90' lang='grc' dir='ltr'><strong>ει</strong></span> <span class='ocrx_word' id='word_1_182' title='bbox 754 2923 891 2986; x_wconf 88' lang='lat' dir='ltr'>remissio</span> <span class='ocrx_word' id='word_1_183' title='bbox 921 2922 1076 2985; x_wconf 87' lang='lat' dir='ltr'>iudicatur.</span> <span class='ocrx_word' id='word_1_184' title='bbox 1121 2923 1232 2986; x_wconf 87' lang='lat' dir='ltr'>Irasci-</span> 
     </span>
     <span class='ocr_line' id='line_1_24' title="bbox 132 3034 1232 3118; baseline 0.001 -22"><span class='ocrx_word' id='word_1_185' title='bbox 132 3034 204 3096; x_wconf 92' lang='lat' dir='ltr'>mini</span> <span class='ocrx_word' id='word_1_186' title='bbox 228 3053 303 3118; x_wconf 78' lang='lat' dir='ltr'>ergo</span> <span class='ocrx_word' id='word_1_187' title='bbox 327 3036 383 3115; x_wconf 84' lang='lat' dir='ltr'>ita,</span> <span class='ocrx_word' id='word_1_188' title='bbox 406 3041 438 3099; x_wconf 88' lang='lat' dir='ltr'>ut</span> <span class='ocrx_word' id='word_1_189' title='bbox 460 3056 476 3098; x_wconf 91' lang='lat' dir='ltr'>a</span> <span class='ocrx_word' id='word_1_190' title='bbox 501 3036 587 3118; x_wconf 88' lang='lat' dir='ltr'>eulpa</span> <span class='ocrx_word' id='word_1_191' title='bbox 610 3036 789 3100; x_wconf 87' lang='lat' dir='ltr'>abstineatis.</span> <span class='ocrx_word' id='word_1_192' title='bbox 835 3035 891 3098; x_wconf 91' lang='lat' dir='ltr'>Vel</span> <span class='ocrx_word' id='word_1_193' title='bbox 915 3037 976 3098; x_wconf 89' lang='lat' dir='ltr'>sic:</span> <span class='ocrx_word' id='word_1_194' title='bbox 1009 3035 1039 3101; x_wconf 89' lang='lat' dir='ltr'>Si</span> <span class='ocrx_word' id='word_1_195' title='bbox 1061 3036 1232 3115; x_wconf 87' lang='lat' dir='ltr'>irascimini,</span> 
     </span>
     <span class='ocr_line' id='line_1_25' title="bbox 133 3146 1231 3229; baseline 0 -21"><span class='ocrx_word' id='word_1_196' title='bbox 133 3146 226 3210; x_wconf 88' lang='lat' dir='ltr'>nolite</span> <span class='ocrx_word' id='word_1_197' title='bbox 248 3167 386 3229; x_wconf 88' lang='lat' dir='ltr'>peccare,</span> <span class='ocrx_word' id='word_1_198' title='bbox 410 3148 465 3212; x_wconf 90' lang='lat' dir='ltr'>sed</span> <span class='ocrx_word' id='word_1_199' title='bbox 488 3148 596 3212; x_wconf 88' lang='lat' dir='ltr'>vincite</span> <span class='ocrx_word' id='word_1_200' title='bbox 618 3149 735 3212; x_wconf 89' lang='lat' dir='ltr'>ratione</span> <span class='ocrx_word' id='word_1_201' title='bbox 759 3146 949 3211; x_wconf 88' lang='lat' dir='ltr'>iracundiam.</span> <span class='ocrx_word' id='word_1_202' title='bbox 994 3149 1049 3210; x_wconf 91' lang='lat' dir='ltr'>Vel</span> <span class='ocrx_word' id='word_1_203' title='bbox 1071 3153 1153 3210; x_wconf 87' lang='lat' dir='ltr'>certe</span> <span class='ocrx_word' id='word_1_204' title='bbox 1173 3148 1231 3211; x_wconf 88' lang='lat' dir='ltr'>sie:</span> 
     </span>
     <span class='ocr_line' id='line_1_26' title="bbox 134 3259 1233 3343; baseline -0.005 -16"><span class='ocrx_word' id='word_1_205' title='bbox 134 3259 165 3327; x_wconf 89' lang='lat' dir='ltr'>Si</span> <span class='ocrx_word' id='word_1_206' title='bbox 188 3262 363 3341; x_wconf 85' lang='lat' dir='ltr'>irascimini,</span> <span class='ocrx_word' id='word_1_207' title='bbox 394 3262 481 3325; x_wconf 92' lang='lat' dir='ltr'>vobis</span> <span class='ocrx_word' id='word_1_208' title='bbox 510 3263 687 3340; x_wconf 86' lang='lat' dir='ltr'>irascimini,</span> <span class='ocrx_word' id='word_1_209' title='bbox 722 3263 790 3343; x_wconf 83' lang='lat' dir='ltr'>quia</span> <span class='ocrx_word' id='word_1_210' title='bbox 820 3261 959 3324; x_wconf 86' lang='lat' dir='ltr'>commoti</span> <span class='ocrx_word' id='word_1_211' title='bbox 991 3260 1080 3338; x_wconf 91' lang='lat' dir='ltr'>estis,</span> <span class='ocrx_word' id='word_1_212' title='bbox 1113 3265 1142 3320; x_wconf 91' lang='grc' dir='ltr'><strong>ει</strong></span> <span class='ocrx_word' id='word_1_213' title='bbox 1172 3277 1233 3322; x_wconf 89' lang='lat' dir='ltr'>non</span> 
     </span>
     <span class='ocr_line' id='line_1_27' title="bbox 133 3375 1232 3456; baseline -0.003 -20"><span class='ocrx_word' id='word_1_214' title='bbox 133 3375 304 3456; x_wconf 89' lang='lat' dir='ltr'>peccabitis.</span> <span class='ocrx_word' id='word_1_215' title='bbox 351 3375 407 3450; x_wconf 82' lang='lat' dir='ltr'>Oui</span> <span class='ocrx_word' id='word_1_216' title='bbox 439 3376 517 3438; x_wconf 89' lang='lat' dir='ltr'>enirn</span> <span class='ocrx_word' id='word_1_217' title='bbox 547 3377 603 3439; x_wconf 88' lang='lat' dir='ltr'>sibi</span> <span class='ocrx_word' id='word_1_218' title='bbox 632 3377 784 3454; x_wconf 89' lang='lat' dir='ltr'>irascitur,</span> <span class='ocrx_word' id='word_1_219' title='bbox 815 3376 882 3455; x_wconf 90' lang='lat' dir='ltr'>quia</span> <span class='ocrx_word' id='word_1_220' title='bbox 907 3375 965 3436; x_wconf 91' lang='lat' dir='ltr'>cito</span> <span class='ocrx_word' id='word_1_221' title='bbox 988 3377 1151 3435; x_wconf 88' lang='lat' dir='ltr'>commotus</span> <span class='ocrx_word' id='word_1_222' title='bbox 1177 3377 1232 3450; x_wconf 87' lang='lat' dir='ltr'>est,</span> 
     </span>
     <span class='ocr_line' id='line_1_28' title="bbox 134 3485 1232 3569; baseline -0.002 -21"><span class='ocrx_word' id='word_1_223' title='bbox 134 3487 244 3550; x_wconf 88' lang='lat' dir='ltr'>desinit</span> <span class='ocrx_word' id='word_1_224' title='bbox 265 3487 355 3552; x_wconf 87' lang='lat' dir='ltr'>irasci</span> <span class='ocrx_word' id='word_1_225' title='bbox 378 3487 463 3551; x_wconf 90' lang='lat' dir='ltr'>alteri</span> <span class='ocrx_word' id='word_1_226' title='bbox 470 3510 480 3566; x_wconf 89' lang='lat'>;</span> <span class='ocrx_word' id='word_1_227' title='bbox 503 3489 553 3569; x_wconf 90' lang='lat' dir='ltr'>qui</span> <span class='ocrx_word' id='word_1_228' title='bbox 578 3495 675 3552; x_wconf 85' lang='lat' dir='ltr'>autem</span> <span class='ocrx_word' id='word_1_229' title='bbox 699 3488 762 3550; x_wconf 88' lang='lat' dir='ltr'>vult</span> <span class='ocrx_word' id='word_1_230' title='bbox 776 3487 850 3550; x_wconf 92' lang='lat' dir='ltr'>iram</span> <span class='ocrx_word' id='word_1_231' title='bbox 866 3503 949 3549; x_wconf 88' lang='lat' dir='ltr'>suam</span> <span class='ocrx_word' id='word_1_232' title='bbox 964 3487 1070 3548; x_wconf 90' lang='lat' dir='ltr'>iustam</span> <span class='ocrx_word' id='word_1_233' title='bbox 1092 3485 1232 3566; x_wconf 89' lang='lat' dir='ltr'>probare,</span> 
     </span>
     <span class='ocr_line' id='line_1_29' title="bbox 134 3596 1234 3682; baseline -0.003 -21"><span class='ocrx_word' id='word_1_234' title='bbox 134 3599 200 3682; x_wconf 90' lang='lat' dir='ltr'>plus</span> <span class='ocrx_word' id='word_1_235' title='bbox 231 3599 426 3664; x_wconf 89' lang='lat' dir='ltr'>inflammatur</span> <span class='ocrx_word' id='word_1_236' title='bbox 454 3607 484 3663; x_wconf 88' lang='grc' dir='ltr'><strong>ει</strong></span> <span class='ocrx_word' id='word_1_237' title='bbox 514 3601 573 3663; x_wconf 90' lang='lat' dir='ltr'>cito</span> <span class='ocrx_word' id='word_1_238' title='bbox 604 3601 634 3662; x_wconf 90' lang='lat' dir='ltr'>in</span> <span class='ocrx_word' id='word_1_239' title='bbox 664 3600 778 3680; x_wconf 89' lang='lat' dir='ltr'>culpam</span> <span class='ocrx_word' id='word_1_240' title='bbox 809 3598 893 3661; x_wconf 90' lang='lat' dir='ltr'>cadit.</span> <span class='ocrx_word' id='word_1_241' title='bbox 937 3596 1045 3660; x_wconf 87' lang='lat' dir='ltr'>Melior</span> <span class='ocrx_word' id='word_1_242' title='bbox 1068 3601 1114 3659; x_wconf 90' lang='grc' dir='ltr'>εει</span> <span class='ocrx_word' id='word_1_243' title='bbox 1135 3603 1234 3660; x_wconf 87' lang='lat' dir='ltr'>autem</span> 
     </span>
     <span class='ocr_line' id='line_1_30' title="bbox 135 3709 1235 3796; baseline -0.002 -21"><span class='ocrx_word' id='word_1_244' title='bbox 135 3711 300 3778; x_wconf 88' lang='lat' dir='ltr'>secundum</span> <span class='ocrx_word' id='word_1_245' title='bbox 322 3713 529 3794; x_wconf 87' lang='lat' dir='ltr'>Salomonem,</span> <span class='ocrx_word' id='word_1_246' title='bbox 547 3710 579 3796; x_wconf 76' lang='grc'>5)</span> <span class='ocrx_word' id='word_1_247' title='bbox 609 3715 658 3795; x_wconf 81' lang='lat' dir='ltr'>qui</span> <span class='ocrx_word' id='word_1_248' title='bbox 681 3710 863 3775; x_wconf 87' lang='lat' dir='ltr'>iracundiam</span> <span class='ocrx_word' id='word_1_249' title='bbox 893 3711 1039 3790; x_wconf 87' lang='lat' dir='ltr'>continet,</span> <span class='ocrx_word' id='word_1_250' title='bbox 1073 3727 1160 3792; x_wconf 89' lang='lat' dir='ltr'>quam</span> <span class='ocrx_word' id='word_1_251' title='bbox 1183 3709 1235 3791; x_wconf 88' lang='lat' dir='ltr'>qui</span> 
     </span>
     <span class='ocr_line' id='line_1_31' title="bbox 134 3822 886 3913; baseline -0.005 -25"><span class='ocrx_word' id='word_1_252' title='bbox 134 3827 240 3890; x_wconf 75' lang='lat' dir='ltr'>arbem</span> <span class='ocrx_word' id='word_1_253' title='bbox 263 3825 358 3908; x_wconf 90' lang='lat' dir='ltr'>capit,</span> <span class='ocrx_word' id='word_1_254' title='bbox 382 3826 451 3909; x_wconf 86' lang='lat' dir='ltr'>quia</span> <span class='ocrx_word' id='word_1_255' title='bbox 473 3827 517 3889; x_wconf 90' lang='lat' dir='ltr'>ira</span> <span class='ocrx_word' id='word_1_256' title='bbox 540 3825 626 3888; x_wconf 89' lang='lat' dir='ltr'>etiam</span> <span class='ocrx_word' id='word_1_257' title='bbox 651 3822 886 3913; x_wconf 31' lang='lat' dir='ltr'>fortesqdecipit.</span> 
     </span>
    </p>
   </div>
   <div class='ocr_carea' id='block_1_7' title="bbox 135 4097 1233 4260">
    <p class='ocr_par' dir='ltr' id='par_1_7' title="bbox 135 4097 1233 4260">
     <span class='ocr_line' id='line_1_32' title="bbox 207 4097 1233 4171; baseline 0.003 -20"><span class='ocrx_word' id='word_1_258' title='bbox 207 4097 236 4170; x_wconf 85' lang='lat' dir='ltr'>r)</span> <span class='ocrx_word' id='word_1_259' title='bbox 257 4099 280 4153; x_wconf 87' lang='lat'>1.</span> <span class='ocrx_word' id='word_1_260' title='bbox 304 4100 369 4171; x_wconf 71' lang='lat' dir='ltr'>rag.</span> <span class='ocrx_word' id='word_1_261' title='bbox 394 4102 438 4170; x_wconf 79' lang='lat' dir='ltr'>as,</span> <span class='ocrx_word' id='word_1_262' title='bbox 459 4100 495 4154; x_wconf 81' lang='lat'>³2</span> <span class='ocrx_word' id='word_1_263' title='bbox 517 4116 571 4170; x_wconf 69' lang='lat' dir='ltr'>naq.</span> <span class='ocrx_word' id='word_1_264' title='bbox 671 4101 700 4166; x_wconf 84' lang='lat' dir='ltr'>a)</span> <span class='ocrx_word' id='word_1_265' title='bbox 724 4098 815 4155; x_wconf 72' lang='lat' dir='ltr'>esaim.</span> <span class='ocrx_word' id='word_1_266' title='bbox 837 4099 880 4166; x_wconf 83' lang='lat' dir='ltr'>sc,</span> <span class='ocrx_word' id='word_1_267' title='bbox 903 4100 927 4152; x_wconf 82' lang='lat' dir='ltr'>n.</span> <span class='ocrx_word' id='word_1_268' title='bbox 1024 4099 1054 4168; x_wconf 85' lang='grc' dir='ltr'><strong>ε)</strong></span> <span class='ocrx_word' id='word_1_269' title='bbox 1077 4100 1141 4153; x_wconf 82' lang='lat' dir='ltr'>mro.</span> <span class='ocrx_word' id='word_1_270' title='bbox 1162 4117 1187 4153; x_wconf 83' lang='lat' dir='ltr'>v.</span> <span class='ocrx_word' id='word_1_271' title='bbox 1209 4099 1233 4154; x_wconf 81' lang='lat' dir='ltr'>a.</span> 
     </span>
     <span class='ocr_line' id='line_1_33' title="bbox 135 4187 703 4260; baseline 0 -20"><span class='ocrx_word' id='word_1_272' title='bbox 135 4187 165 4255; x_wconf 80' lang='grc'>4)</span> <span class='ocrx_word' id='word_1_273' title='bbox 188 4187 279 4244; x_wconf 75' lang='lat' dir='ltr'>raam.</span> <span class='ocrx_word' id='word_1_274' title='bbox 298 4189 324 4258; x_wconf 83' lang='lat' dir='ltr'>t,</span> <span class='ocrx_word' id='word_1_275' title='bbox 343 4189 367 4244; x_wconf 79' lang='grc' dir='ltr'><strong>ε.</strong></span> <span class='ocrx_word' id='word_1_276' title='bbox 456 4189 486 4260; x_wconf 86' lang='lat'>5)</span> <span class='ocrx_word' id='word_1_277' title='bbox 503 4189 579 4243; x_wconf 76' lang='lat' dir='ltr'>mov.</span> <span class='ocrx_word' id='word_1_278' title='bbox 599 4187 641 4255; x_wconf 85' lang='lat' dir='ltr'>re,</span> <span class='ocrx_word' id='word_1_279' title='bbox 661 4187 703 4242; x_wconf 84' lang='lat' dir='ltr'>aa.</span> 
     </span>
    </p>
   </div>
   <div class='ocr_carea' id='block_1_8' title="bbox 207 4281 1026 4348">
    <p class='ocr_par' dir='ltr' id='par_1_8' title="bbox 207 4281 1026 4348">
     <span class='ocr_line' id='line_1_34' title="bbox 207 4281 1026 4348; baseline 0.015 -12"><span class='ocrx_word' id='word_1_280' title='bbox 207 4287 376 4348; x_wconf 57' lang='lat' dir='ltr'>Auaaoaros„</span> <span class='ocrx_word' id='word_1_281' title='bbox 1006 4281 1026 4348; x_wconf 83' lang='lat'>5</span> 
     </span>
    </p>
   </div>
   <div class='ocr_carea' id='block_1_9' title="bbox 0 0 1490 4700">
    <p class='ocr_par' dir='ltr' id='par_1_9' title="bbox 0 0 1490 4700">
     <span class='ocr_line' id='line_1_35' title="bbox 0 0 1490 4700; baseline 0 0"><span class='ocrx_word' id='word_1_282' title='bbox 0 0 1490 4700; x_wconf 95' lang='lat' dir='ltr'> </span> 
     </span>
    </p>
   </div>
  </div>
 </body>
</html>
