2932 4700
419 357 465 412 uu
484 355 622 414 currens
642 355 868 414 umrsrnonuu
888 356 1020 414 suunt
1224 363 1267 430 no

167 519 309 602 Sequitur
332 516 370 583 de
392 520 499 585 ordina
530 537 630 584 rerum
654 519 745 583 etde
768 519 968 602 oportunitate
1000 525 1175 602 temporum.
1220 521 1267 586 Ac

165 651 222 714 per
244 632 302 695 hoc
324 633 379 698 tria
402 640 486 713 sunt,
510 651 587 715 quaa
610 632 782 716 videamus,
804 639 902 697 utrum
923 632 954 695 iu
973 629 1072 713 aliquo
1095 639 1267 698 sauctorum

166 752 367 810 consummata
390 748 539 828 possimus
568 745 690 810 docere.

256 856 325 922 107.
370 859 497 923 Primum
520 861 586 942 ipse
608 866 692 942 puter
707 859 867 942 Abraham,
886 858 917 944 ¹)
940 861 990 941 qui
1009 857 1045 922 ad
1062 857 1266 942 magisterium

165 970 282 1035 suturae
304 971 506 1036 successionis
529 971 705 1035 informatus
727 979 758 1036 et
779 973 942 1037 instructus
965 980 1028 1053 est,
1058 973 1157 1035 iussus
1180 972 1265 1034 exire

164 1083 203 1147 de
227 1090 305 1146 terra
329 1101 383 1146 sua
406 1081 497 1146 etde
526 1083 710 1166 cognatione
745 1101 799 1147 sua
832 1089 863 1148 et
893 1085 931 1148 de
962 1085 1051 1149 domo
1085 1084 1177 1165 patris
1207 1083 1265 1168 sui,

163 1212 265 1258 nonne
287 1194 493 1276 multiplicatae
522 1195 754 1259 necessitudinis
785 1197 979 1278 praestrictus
1010 1198 1135 1280 affectu,
1165 1205 1264 1263 tomen

164 1307 324 1390 appetitum
356 1307 462 1370 rationi
494 1308 685 1372 obedientem
717 1310 880 1390 praebuit?
925 1311 1020 1386 Quem
1052 1312 1132 1375 enim
1163 1317 1264 1376 terrae

163 1440 251 1501 suae,
282 1422 489 1504 cognationis,
520 1401 635 1486 domus¹
657 1441 778 1504 quoque
807 1424 947 1506 propriae
970 1425 1066 1508 gratio
1089 1443 1151 1490 uon
1174 1425 1263 1489 dele-

163 1535 285 1600 ctaret?
329 1535 366 1598 Et
388 1535 466 1598 hunc
490 1553 566 1619 ergo
589 1537 736 1600 mulcebat
758 1555 879 1602 suorum
903 1540 1050 1618 suavitas,
1073 1539 1127 1602 sed
1150 1539 1264 1620 imperii

162 1649 302 1712 caelestis
325 1655 356 1712 et
377 1651 626 1714 remunerationis
649 1659 790 1714 aeternae
813 1652 1016 1716 consideratio
1040 1653 1178 1717 movebat
1196 1673 1263 1716 am-

161 1763 249 1846 plius
301 1763 409 1826 Nonne
447 1763 655 1828 considerabat
692 1783 819 1828 uxorem
858 1767 1024 1830 inbccillem
1064 1765 1101 1830 ad
1134 1767 1262 1848 labores,

161 1884 297 1940 teneram
320 1876 357 1940 ad
380 1877 519 1957 iniurias,
552 1878 692 1942 decoram
726 1880 762 1943 od
796 1881 944 1943 incentiva
975 1879 1166 1945 insolentium
1196 1880 1262 1944 sinc

160 2009 277 2056 summo
307 2008 368 2053 nou
399 2007 491 2072 posse
521 1991 589 2055 duci
619 1993 781 2074 periculo?
825 1995 862 2058 Et
893 2000 990 2059 umen
1021 1996 1122 2058 subire
1152 1995 1262 2075 omnia,

161 2124 247 2189 quam
280 2123 427 2169 excusare
458 2106 623 2171 consultius
654 2108 832 2171 diiudicavit.
885 2109 1000 2172 Deinde
1030 2127 1096 2171 cum
1129 2108 1261 2171 descen·

161 2219 246 2282 deret
267 2220 297 2282 in
320 2221 508 2303 Aegyptum,
531 2225 662 2303 monuit,
685 2229 717 2286 ut
739 2224 853 2286 diceret
876 2242 910 2287 se
932 2241 1069 2286 sororem
1093 2239 1179 2302 esse,
1198 2238 1258 2286 uon

158 2352 286 2397 uxorem
309 2335 412 2416 ipsius.

249 2446 319 2512 108.
363 2448 508 2530 Advorte,
531 2450 632 2541 quanti
655 2451 816 2533 appetitus!
854 2449 987 2514 Timebat
1011 2450 1115 2512 uxoris
1138 2445 1256 2531 pudori,

158 2562 278 2624 timebat
307 2564 447 2644 propriae
477 2565 579 2644 saluti,
610 2571 765 2648 suspectas
797 2564 924 2628 habebat
946 2565 1166 2646 Aegyptiorum
1187 2562 1258 2625 iibi-

158 2674 260 2756 dines,
293 2682 323 2737 ct
350 2682 447 2740 tamen
475 2679 640 2759 praevaluit
662 2680 738 2762 apud
762 2699 830 2743 eum
853 2680 929 2742 ratio
961 2677 1175 2760 exsequendae
1199 2677 1291 2740 de'-·

158 2791 297 2853 votiouis.
344 2789 553 2856 consideravit
585 2795 664 2856 enim
698 2794 779 2875 quod
814 2794 861 2856 dei
896 2793 1001 2856 favore
1035 2793 1145 2874 ubique
1177 2798 1257 2854 tutus

158 2919 228 2966 esse
259 2911 378 2985 posset,
412 2905 531 2968 offenso
561 2913 658 2969 autem
689 2907 810 2970 domino
838 2907 926 2969 etiam
957 2905 1035 2970 domi
1066 2924 1126 2970 non
1153 2910 1257 2986 posset

156 3017 288 3081 inlaesus
316 3037 446 3082 manere.
492 3021 568 3082 Vicit
597 3021 688 3103 igitur
717 3022 877 3103 appetitum
909 3020 1040 3084 ratioet
1067 3018 1256 3083 obedientem

156 3131 213 3194 sibi
233 3132 387 3214 praestitit.

247 3244 317 3310 109.
363 3246 456 3329 Copto
479 3255 589 3330 nepote
606 3244 639 3332 ²)
662 3266 723 3312 non
746 3250 939 3330 perterritus,
963 3265 1061 3328 neque
1084 3252 1128 3310 tot
1149 3262 1255 3328 regum

156 3359 291 3423 turbatus
325 3360 462 3443 populis,
498 3360 607 3422 bellum
641 3361 750 3441 repetit
757 3381 766 3436 ;
803 3361 926 3423 victoria
960 3359 1086 3441 potitus,
1124 3355 1255 3439 praedae

78 3459 80 3462 ⁵
156 3479 287 3556 partem,
318 3475 402 3537 cuius
426 3475 491 3556 ipsc
514 3474 568 3536 fuit
594 3479 714 3552 auctor,
749 3474 908 3536 recusavit.
953 3473 1103 3536 Promisso
1132 3487 1263 3552 quoque·

156 3587 211 3650 sibi
227 3588 298 3669 iiio,
322 3607 388 3650 cum
404 3588 610 3651 consideraret
633 3589 758 3650 emortui
783 3588 918 3667 corporis
935 3587 982 3650 sui
997 3587 1078 3649 uires
1102 3583 1253 3666 depositas

156 3699 339 3764 sterilitatem
375 3700 512 3782 coniugis
546 3706 576 3761 et
610 3717 776 3781 supremam
810 3703 993 3760 senectutem
1027 3699 1115 3761 etiam
1149 3704 1253 3763 contra

156 3831 242 3876 usum
264 3820 387 3877 naturae
410 3814 468 3877 deo
492 3813 626 3877 credidit.
644 3810 677 3897 ³)

246 3924 316 3992 tto.
362 3927 497 3991 Advorte
527 3928 690 3992 convenire
722 3928 827 3990 omnia.
873 3925 1030 4008 Appetitus
1061 3944 1120 3989 non
1150 3925 1252 4007 defuit,

155 4079 363 4093 -μ-ι--α-ι

212 4137 256 4240 Ι1)
275 4171 366 4225 Gencs.
380 4173 423 4239 tt,
438 4173 448 4223 1
466 4189 519 4241 seq.
591 4172 620 4241 2)
638 4171 702 4224 ibid.
716 4170 759 4236 14,
782 4168 813 4222 tt
825 4185 896 4240 seqq.
969 4169 999 4240 ³)
1017 4168 1081 4222 thid.
1095 4169 1138 4236 15,
1153 4168 1166 4220 1
1179 4183 1250 4239 seqq.
