2932 4700
598 355 623 408 s.
644 351 807 408 1111111
1228 341 1248 426 p

149 521 276 588 territus
297 525 383 603 pater
405 519 461 582 ait:
493 516 528 578 Si
555 516 674 580 vicerit
701 517 876 600 infantulus
897 517 970 592 iate,
1003 517 1125 596 aliquid
1146 519 1250 599 mapni

150 639 222 701 erit.
269 635 455 717 Operobatur
479 632 556 696 enim
578 632 635 694 iarn
664 637 734 695 tunc
763 631 899 694 dominus
927 631 957 694 in
985 632 1097 694 servuli
1126 633 1172 695 sui
1201 633 1252 695 in-

151 751 256 828 fantia,
279 756 311 812 ut
334 749 497 832 inpleretur
519 747 599 832 quod
622 749 763 830 scriptum
786 756 850 811 est:
873 748 953 809 Feci
974 747 1073 810 mellis
1093 767 1251 813 sermones

152 862 238 926 boai.
265 857 296 945 ¹)
348 860 420 924 lllud
451 862 529 924 euim
561 877 687 922 examen
717 877 803 941 apum
836 860 1014 940 scriptorum
1043 862 1135 942 ipsius
1166 864 1252 926 nobis

152 974 321 1060 generabat
349 975 453 1053 lavos,
487 975 537 1056 qui
567 974 708 1036 caelestia
737 973 814 1037 dona
844 973 1049 1039 adnuntiarent
1079 982 1108 1038 et
1138 984 1253 1042 mentes

155 1093 311 1156 bominum
335 1090 373 1154 de
395 1091 524 1153 terrenis
547 1088 585 1153 ad
606 1089 721 1153 caelum
745 1089 905 1174 erigerent

244 1203 273 1269 4.
319 1205 426 1268 Postea
449 1219 523 1266 vero
546 1221 612 1265 oum
635 1201 818 1264 adolevisset
841 1208 870 1264 et
893 1208 974 1264 esset
1004 1204 1034 1264 in
1063 1201 1253 1266 1111111111

155 1320 337 1384 constitutus
361 1335 427 1380 eum
449 1321 543 1378 matre
566 1314 655 1378 vidua
679 1321 709 1376 et
731 1331 856 1394 sorore,
880 1334 957 1396 quae
977 1316 1174 1398 virginitatem
1197 1317 1254 1378 iam

156 1435 256 1498 lucrm
278 1429 427 1512 professa,
450 1429 558 1492 comite
582 1428 637 1491 alia
660 1429 787 1512 virgine,
811 1430 895 1492 cuius
917 1431 1042 1514 virginis
1064 1431 1254 1494 11111011-

157 1548 228 1612 dida
251 1552 282 1608 et
303 1547 368 1626 ipsa
391 1542 526 1606 eiusdem
548 1541 755 1625 professionis,
780 1561 857 1624 quae
880 1561 959 1606 nunc
975 1543 1155 1628 Karthagine
1175 1544 1256 1629 degit

158 1664 218 1727 iam
242 1677 332 1738 anus,
364 1677 429 1721 curn
458 1658 574 1721 videret
603 1659 810 1722 sacerdotibus
840 1677 856 1720 a
881 1658 1044 1722 domestica
1067 1663 1183 1724 sororis
1206 1661 1255 1723 vel

160 1775 263 1838 matris
286 1791 389 1836 manus
414 1773 560 1851 osculari,
590 1773 655 1854 ipse
681 1772 786 1836 ludens
810 1773 954 1836 offerebat
977 1775 1130 1838 dexteram
1154 1777 1256 1838 dicens

159 1894 192 1950 et
214 1878 270 1952 sibi
292 1886 322 1949 id
346 1887 382 1949 ab
408 1903 443 1948 ea
465 1885 530 1948 lieri
553 1889 705 1967 oportere,
728 1884 872 1966 siquidem
889 1886 1062 1969 episcopum
1078 1905 1112 1950 se
1128 1887 1255 1949 futurum

160 2019 232 2066 esse
264 1999 455 2064 memorabat.
499 1999 691 2080 Loquebatur
723 2000 800 2063 enim
832 2000 862 2061 in
894 1999 943 2062 illo
976 2001 1095 2082 spiritus
1128 2005 1256 2079 sanctus,

160 2116 213 2197 qui
235 2115 315 2179 illum
339 2114 374 2176 ad
398 2112 597 2177 sacerdotium
621 2114 769 2176 nutriebat
776 2137 785 2190 ;
813 2113 862 2175 1111
885 2133 959 2176 vero
983 2121 1015 2177 ut
1037 2115 1256 2180 adulescentem

161 2234 192 2292 et
214 2229 398 2292 nescientem
421 2225 491 2307 quid
513 2226 627 2290 diceret
649 2226 818 2306 respuebat.

250 2339 280 2404 5.
326 2339 385 2406 Sed
408 2347 563 2421 postquam
585 2340 709 2403 edoctus
731 2341 900 2404 liberalibus
924 2341 1086 2424 disciplinis
1117 2363 1156 2406 ex
1183 2345 1258 2408 urbe

162 2472 307 2538 egressus
332 2461 377 2518 est
399 2454 617 2535 professusque
639 2456 669 2517 in
692 2455 838 2519 auditorio
869 2455 1076 2538 praefecturae
1107 2461 1256 2541 praetorii,

162 2571 203 2632 ita
226 2566 381 2649 splendide
404 2585 508 2632 causas
538 2571 715 2650 perorabat,
747 2576 778 2633 ut
808 2571 979 2654 elegeretur
1009 2592 1025 2635 1
1055 2575 1121 2636 viro
1153 2575 1258 2638 illustri

162 2684 270 2761 Probo,
292 2687 363 2744 tunc
386 2681 539 2763 praelecto
558 2686 709 2764 praetorii,
734 2685 770 2748 ad
787 2687 941 2749 consilium
957 2687 1151 2751 tribuendum.
1189 2689 1259 2752 Post

163 2795 244 2878 quod
267 2795 485 2860 consularitatis
508 2799 640 2880 suscepit
662 2800 799 2882 insignia,
823 2807 854 2862 ut
876 2806 999 2883 regeret
1020 2801 1169 2886 Liguriam
1191 2803 1258 2866 111-

162 2909 330 2990 miliamque
352 2910 523 2991 provincias
546 2911 686 2993 venitque
709 2912 915 2976 Mediolanum.

250 3019 279 3087 6.
324 3022 380 3084 Per
402 3021 481 3087 idem
503 3031 619 3105 tempus
643 3032 760 3089 mortuo
783 3026 935 3090 Auxentio
958 3026 1089 3095 Arianae
1116 3034 1258 3116 perfidiae

164 3140 319 3222 episcopo,
342 3139 393 3219 qui
409 3138 555 3223 Dionysio
576 3141 680 3204 beatae
698 3144 860 3205 memoriae
875 3143 1053 3209 confessore
1068 3147 1105 3209 ad
1121 3149 1259 3211 exsilium

164 3253 313 3316 destinato
336 3251 494 3315 incubabat
516 3252 673 3331 ecclesiae,
697 3270 763 3315 cum
785 3255 913 3336 populns
935 3256 972 3317 ad
994 3257 1171 3322 seditionem
1186 3277 1258 3322 sur-

163 3373 252 3452 geret
274 3366 304 3428 11
325 3364 455 3446 petendo
480 3367 621 3449 episeopo
650 3372 790 3447 essetque
818 3368 860 3430 illi
890 3387 961 3432 cura
991 3372 1143 3435 sedandae
1173 3373 1258 3435 sedi-

162 3480 271 3559 tionis,
301 3497 341 3542 ne
363 3477 491 3561 populus
515 3478 641 3544 civitatis
663 3479 693 3541 in
717 3477 879 3559 periculum
902 3482 948 3544 sui
969 3488 1153 3564 verteretur,
1183 3504 1257 3568 per-

163 3594 243 3656 rexit
270 3593 308 3656 ad
333 3593 508 3670 ecclesiam3
539 3593 638 3674 ibique
668 3610 734 3655 cum
761 3593 963 3674 alloqueretur
992 3595 1127 3676 plebem,
1159 3600 1257 3664 subito

163 3724 226 3771 vox
249 3705 342 3772 fertur
364 3707 483 3773 infantis
514 3707 544 3769 in
570 3707 681 3789 populo
704 3709 843 3770 sonuisse
863 3707 1052 3771 Ambrosium
1076 3713 1256 3796 episcopum.
1287 3725 1292 3774 t

163 3820 212 3886 Ad
234 3822 318 3886 euius
341 3823 425 3886 vocis
447 3821 575 3886 sonitum
599 3822 689 3884 totius
711 3822 812 3904 populi
841 3839 894 3884 cra
923 3839 1070 3886 conversa
1102 3835 1170 3890 sunt
1199 3829 1256 3891 ad-

165 3936 317 4006 clamantis
339 3934 531 4002 Ambrosium
553 3935 744 4016 episcopum3
774 3936 873 4014 itaque
900 3937 952 4017 qui
982 3944 1068 4002 antea
1097 3941 1256 4006 turbulen-

168 4089 362 4098 ---—-—--.

237 4174 358 4246 111111.
377 4175 421 4244 16,
440 4176 481 4230 el.
