2976 4706
417 400 462 454 DF
481 397 618 454 omens
638 395 862 452 btnlstnotttttt
879 396 975 452 traua
992 397 1012 452 l.
1216 399 1257 462 99

170 556 350 642 praecelsa?
393 561 510 626 Deinde
531 568 564 625 nt
584 559 720 626 indicium
743 567 824 624 tunm
848 561 945 624 stabili
964 549 1082 623 ratione
1104 559 1262 624 confirmes

170 680 201 737 et
224 691 303 756 qnae
325 673 503 740 indicaveris
526 673 605 736 levia
628 681 775 754 tamqnam
797 673 868 736 nibil
889 671 1044 755 profutura
1067 673 1263 737 contemnas?

168 785 283 851 Deinde
306 789 387 851 uisi
411 788 481 870 qnid
512 787 654 850 acciderit
684 786 803 850 adversi
830 786 919 868 idque
950 806 1043 871 grave
1074 793 1104 850 et
1125 788 1263 851 acerbum

169 907 306 985 putetur,
339 902 394 984 ita,
409 902 507 983 ieras,
537 908 571 965 nt
597 901 666 964 nibil
696 909 817 984 praeter
840 909 972 965 naturam
997 900 1140 967 accidisse
1169 910 1265 985 putes,

170 1039 237 1085 cnm
258 1021 387 1104 legerisz
405 1017 436 1106 ¹)
458 1019 569 1082 Nudus
592 1037 659 1079 eum
681 1025 792 1094 nume,
817 1018 920 1080 nudus
944 1017 1046 1079 cnibo.
1095 1017 1181 1092 Quae
1203 1019 1266 1082 do-

170 1135 274 1198 minus
304 1135 408 1212 dedit,
441 1133 583 1196 dominus
616 1131 745 1195 obstulit
775 1129 897 1215 (ntique
927 1138 956 1195 et
978 1131 1053 1194 lilios
1079 1133 1216 1194 amiserat
1238 1139 1268 1196 et

172 1245 362 1332 facultates),
387 1265 554 1329 servesque
577 1249 607 1310 in
631 1246 766 1309 omnibns
789 1263 951 1326 personam
975 1246 1116 1326 sapientis
1140 1253 1170 1308 et
1191 1247 1267 1326 iusti,

173 1362 249 1426 sicul
263 1361 313 1425 ille
328 1362 475 1439 servavit,
491 1360 541 1441 qni
560 1361 615 1422 ait:
632 1355 665 1443 ²)
689 1357 777 1422 Siout
794 1358 919 1421 domino
933 1358 1065 1437 placuit,
1089 1359 1135 1419 ito
1151 1359 1270 1438 suctum

175 1482 239 1549 ent3
270 1473 314 1536 eit
339 1491 451 1536 nomen
481 1472 597 1535 domim
626 1470 821 1534 benedictum
827 1492 839 1544 ,-
872 1476 902 1532 et
924 1471 1015 1532 infra:
1032 1466 1063 1554 ³)
1093 1471 1182 1534 Siout
1205 1490 1271 1534 unu

174 1587 387 1669 incipientium
419 1586 581 1648 mulierum
614 1585 718 1648 locuto
749 1604 790 1646 ee.
836 1584 871 1645 Si
900 1585 983 1648 bonu
1013 1586 1203 1665 suscepimus
1234 1585 1271 1648 dc

176 1717 270 1763 manu
291 1698 430 1777 domini,
454 1715 532 1779 quac
554 1698 638 1760 mola
660 1703 750 1775 aunt,
774 1717 837 1762 non
858 1696 1101 1762 assentimus?

546 1969 716 2039 CAPUT
749 1969 910 2041 XXXIX.

179 2135 363 2191 Fortitudinem
380 2136 503 2192 adserens
522 2139 606 2189 omnia
624 2139 687 2188 vitia
706 2137 827 2192 dimicare
854 2136 970 2205 debere,
997 2139 1134 2209 praecipue
1152 2139 1273 2196 adversus

379 2226 525 2292 aventium,
544 2225 613 2296 quod
632 2226 658 2276 in
676 2234 764 2279 sancto
783 2225 828 2278 lob
847 2225 953 2279 docetur
971 2226 1072 2281 lactum.

273 2382 344 2450 193.
389 2385 458 2450 Non
488 2393 535 2449 est
561 2387 652 2470 igitur
681 2385 855 2466 mediocris,
887 2406 944 2450 nec
976 2387 1104 2454 discrete
1126 2409 1143 2453 a
1165 2391 1274 2456 ceteris

184 2499 272 2564 animi
293 2497 455 2581 fortitudo,
490 2518 566 2582 qnae
590 2500 698 2564 bellurn
721 2517 786 2564 cnm
809 2501 965 2565 virtutibus
988 2509 1091 2586 gerat,
1123 2505 1175 2568 sed
1199 2525 1275 2588 quae

185 2613 249 2678 sola
272 2612 411 2676 defendat
435 2617 607 2678 ornamenta
630 2613 769 2675 virtutum
793 2614 921 2677 omnium
942 2622 972 2678 et
992 2615 1098 2680 indicia
1120 2618 1275 2700 custodiat,

185 2734 216 2791 et
233 2745 309 2809 quae
332 2726 505 2810 inexpiabili
526 2725 642 2807 proelio
665 2725 810 2790 adversus
833 2729 930 2791 omnia
952 2728 1023 2792 vitia
1045 2731 1202 2812 decernat,
1225 2733 1276 2796 in-

185 2842 262 2904 victn
286 2839 484 2920 adlabores,
515 2839 601 2902 tortis
625 2839 660 2902 ad
685 2840 834 2922 pericula,
867 2842 991 2924 rigidior
1019 2844 1163 2910 adversus
1185 2847 1275 2910 voln-

186 2959 292 3037 ptates,
317 2953 389 3020 dura
406 2955 550 3018 adversus
566 2952 743 3031 inlecebras,
768 2955 882 3035 quibus·
894 2975 995 3020 aurem
1013 2957 1134 3022 deferre
1154 2962 1276 3043 nesciat,

187 3087 259 3149 nec,
291 3077 323 3132 nt
357 3070 479 3148 dicitnr,
509 3067 583 3132 avel
618 3066 712 3146 dicat,
745 3070 901 3149 pecuniam
933 3071 1092 3158 neglegat,
1126 3075 1277 3138 avaritiam

186 3181 281 3268 fngiat
303 3189 449 3265 nmquam
463 3182 558 3246 labem
574 3178 729 3264 qnondam,
752 3199 829 3264 qnae
848 3186 984 3248 virtutem
1007 3186 1162 3251 elleminet.
1200 3189 1278 3253 Nihil

187 3297 267 3358 enim
289 3305 348 3360 tarn
370 3297 550 3361 contrarium
574 3293 748 3375 fortitudini,
771 3316 856 3379 qnam
871 3297 955 3361 lucro
971 3299 1057 3363 vinei.
1093 3299 1277 3382 Frequenter

187 3409 282 3493 pulsis
311 3411 464 3490 hostibus,
499 3411 637 3475 inclinata
658 3410 688 3472 in
711 3411 811 3494 lugam
837 3411 1075 3476 adversariorum
1097 3415 1176 3493 acie,
1209 3413 1278 3478 dnm

189 3523 305 3588 exuviis
328 3540 484 3588 messorum
506 3523 619 3605 capitur
648 3523 825 3604 proeliator,
848 3524 925 3586 inter
947 3524 1045 3606 ipsos,
1067 3541 1143 3607 qnos
1164 3525 1277 3606 stravit,
1321 3591 1327 3598 ,

176 3636 374 3703 miserandus
397 3637 545 3716 occubuit,
574 3643 603 3698 et
624 3636 778 3718 triumphis
800 3638 861 3700 suis
884 3636 1017 3700 deiectae
1038 3635 1185 3720 legiones,
1210 3638 1277 3706 dnm

187 3753 291 3836 spolils
314 3759 512 3836 campanam,
535 3751 652 3815 bostem
673 3751 704 3814 in
726 3769 760 3814 se
782 3758 980 3831 revocarunt,
1004 3751 1054 3833 qni
1076 3750 1202 3835 ingerat.

279 3861 350 3930 194.
393 3862 545 3940 Fortitudo
575 3864 666 3948 igitur
695 3869 754 3924 tam
779 3862 924 3924 inmanem
950 3869 1064 3944 pestem
1094 3865 1218 3947 repellat
1247 3873 1277 3929 et

178 3979 332 4063 ⁴proterat,
355 3993 413 4055 nec
428 3983 587 4060 temptetur
610 3974 826 4057 cupiditatibus,
849 3991 907 4038 nec
921 3973 1075 4059 frangatur
1094 3985 1184 4060 metu,
1207 3981 1276 4062 uada

263 4217 292 4290 1)
309 4217 363 4273 lob.
383 4216 409 4286 1,
427 4217 471 4272 21.
540 4219 570 4285 2)
589 4217 676 4272 lltld.„·
724 4214 834 4286 mitta
853 4216 880 4284 2,
901 4217 939 4272 to

1016 4313 1071 4381 70
