2976 4706
439 388 486 442 DE
504 386 642 443 omens
661 387 885 443 utnrsunonuu
904 388 1000 444 atuatt
1018 390 1048 443 11.
1231 394 1292 460 165

190 547 269 612 enim
291 565 412 624 nummo
436 549 580 631 solvitur,
607 547 703 634 qratia
724 565 883 632 numquam
904 549 1084 616 exinanitur.
1127 551 1292 617 Reddendo

189 667 331 726 vacuatur
353 663 491 745 pecunia,
513 661 609 745 gratia
631 666 729 724 autem
748 667 778 725 et
796 661 935 727 babendo
958 664 1085 729 solvitur
1100 671 1131 728 et
1144 665 1292 731 solvendo

188 775 346 837 retinetur.
390 773 506 837 Deinde
536 771 617 855 quod
640 772 725 838 dives
753 775 881 858 refugit,
913 795 1027 859 pauper
1055 775 1181 858 latetur,
1211 777 1293 860 quod

188 886 227 950 sit
249 887 397 970 obligatus
420 885 522 950 debito
545 886 661 968 sibique
684 888 882 968 subventum,
909 907 970 954 non
993 889 1102 956 horrori
1124 907 1181 955 suo
1205 888 1293 955 dela-

189 1006 251 1062 tum
273 1003 370 1079 putat:
393 996 521 1062 donatos
544 999 601 1062 sibi
624 998 784 1063 arbitratur
806 1000 901 1081 lilios,
924 1002 1014 1064 vitam
1036 1001 1199 1086 redditam,
1221 1021 1293 1067 ser-

189 1117 286 1174 vatam
310 1109 458 1175 factitiam.
496 1111 615 1186 Quanto
638 1111 729 1195 igitur
751 1115 856 1176 melius
879 1113 958 1194 apud
980 1115 1088 1196 bunos,
1111 1135 1198 1198 quum
1214 1116 1293 1199 apud

189 1223 324 1309 ingratos
347 1224 451 1289 locare
473 1225 666 1289 beneficium!

278 1335 349 1402 128.
394 1335 480 1402 Unde
503 1336 638 1400 dominus
662 1335 700 1398 ad
722 1336 885 1419 discipulos
908 1339 964 1401 ait:
983 1335 1014 1423 ¹)
1048 1337 1152 1402 Nolite
1180 1342 1291 1420 possi·

188 1449 263 1512 dere
286 1467 414 1528 corum,
445 1467 544 1530 oeque
574 1457 753 1528 arpentum,
784 1469 883 1531 oeque
908 1451 1093 1530 pecuniam
1123 1468 1182 1533 qua
1211 1451 1293 1516 adut
1325 1453 1331 1462 '

69 1571 71 1575 “
186 1561 267 1626 laice
298 1562 490 1644 pullulantem
525 1562 554 1626 in
588 1562 762 1644 pectoribus
799 1563 935 1628 bnnranis
972 1562 1099 1628 succidit
1131 1563 1292 1628 avaritiam.

186 1675 292 1739 Petrus
314 1695 436 1758 quoque
467 1675 596 1759 claudo,
630 1677 681 1757 qui
703 1695 744 1740 ex
766 1684 853 1741 utero
875 1677 977 1742 matris
1006 1695 1081 1743 suae
1107 1677 1293 1761 portabatur,

187 1789 243 1853 ait:
260 1786 293 1871 ²)
315 1788 485 1869 Arpeotom
508 1798 539 1852 et
560 1809 672 1853 aarum
693 1809 759 1853 ooo
780 1791 900 1865 bobeo;
921 1791 979 1854 aad
1001 1792 1088 1872 qood
1108 1790 1226 1869 babeo,
1250 1790 1292 1853 do

187 1901 252 1964 tibi.
297 1900 335 1963 lo
367 1903 491 1965 nomine
522 1901 595 1966 lesu
629 1903 749 1966 Christi
780 1903 938 1968 Nocareni
971 1922 1065 1984 corpe
1098 1912 1129 1967 ct
1158 1901 1292 1966 modulo

186 2012 289 2095 ltaque
319 2016 476 2096 pecuniam
501 2015 682 2096 condedit,
715 2017 870 2080 sanitatem
901 2015 990 2081 dedit.
1036 2016 1154 2091 Quanto
1187 2015 1292 2078 melius

187 2133 233 2190 est
256 2127 381 2190 salntem
403 2129 517 2191 babere
538 2129 604 2192 sine
626 2129 770 2210 pecunia,
799 2145 888 2209 quam
909 2127 1068 2210 pecuniam
1090 2130 1157 2192 sine
1179 2126 1292 2190 salutet

187 2237 326 2303 Surrexit
348 2239 489 2320 claudus,
522 2240 603 2322 quod
627 2259 688 2305 non
710 2242 869 2323 sperabat;
900 2241 1057 2324 pecuniam
1080 2259 1142 2305 non
1165 2238 1291 2321 accepit,

187 2369 276 2434 qnam
306 2353 455 2434 sperabat
499 2353 562 2419 Sed
585 2354 660 2418 baec
683 2356 736 2418 vix
758 2355 788 2418 in
810 2355 922 2418 sancis
945 2353 1057 2418 domini
1088 2354 1291 2436 reperiuntur,

187 2471 221 2529 ut
243 2461 366 2530 divitiae
390 2466 574 2550 contemptui
595 2467 663 2532 sint.

570 2716 742 2786 CAPUT
775 2714 904 2783 XXVI.

187 2888 269 2954 omn
286 2896 361 2942 vatus
379 2887 474 2942 malum
490 2889 524 2942 ait
540 2888 658 2953 orantia,
676 2886 761 2940 multis
778 2889 876 2939 ueteris
893 2889 1037 2942 testamenti
1055 2888 1177 2956 exemptis
1195 2888 1291 2941 claram

187 2989 261 3040 eme,
288 2972 397 3043 bincque
421 2982 556 3042 practerea
578 2982 684 3042 patere,
709 2990 784 3042 quam
810 2975 892 3026 inanis
910 2976 943 3028 ait
963 2976 1128 3043 pecuniarum
1152 2975 1291 3043 possessio.

276 3125 347 3194 129.
394 3129 534 3194 Ceterum
557 3131 597 3194 ita
618 3131 816 3195 incubuerunt
845 3150 946 3196 mores
976 3133 1128 3196 bominum
1157 3133 1290 3197 admira-

186 3241 269 3306 tione
292 3241 478 3321 divitiarum‚
500 3249 534 3305 nt
555 3260 664 3320 nemo,
699 3243 757 3306 nisi
781 3243 867 3306 dives
889 3244 1007 3307 bonore
1031 3245 1139 3326 dignus
1160 3250 1290 3326 putetur.

185 3354 293 3436 Neque
315 3353 363 3416 bic
385 3370 494 3418 recens
516 3372 600 3436 usus,
624 3355 678 3418 sed
702 3357 759 3420 iam
783 3356 902 3436 dudum,
928 3341 1009 3438 quod
1030 3358 1116 3438 peius
1140 3363 1195 3436 cst,
1217 3357 1289 3420 ino·

185 3467 260 3532 levit
281 3468 339 3550 boo
365 3468 468 3530 vitium
499 3468 635 3534 humanis
666 3470 824 3534 mentibus.
868 3468 1019 3550 Siquidem
1049 3487 1116 3533 cum
1147 3468 1289 3532 Hiericho

186 3599 294 3666 magna
317 3581 420 3645 civitas
448 3583 584 3645 tubarum
617 3583 844 3648 sacerdotalium
866 3599 944 3646 sono
967 3582 1131 3646 corruisset
1154 3588 1184 3644 et
1205 3582 1288 3646 lesus

185 3693 271 3757 Nave
293 3695 440 3774 potiretur
462 3695 603 3774 victoria,
620 3692 653 3780 ³)
676 3697 838 3778 cognovit,
861 3696 1034 3758 infirmatam
1057 3713 1126 3758 esse
1148 3696 1287 3758 virtutem

187 3809 289 3890 populi
305 3828 361 3890 per
376 3809 529 3872 avaritiam
552 3814 642 3890 atque
663 3812 728 3874 auri
744 3809 940 3892 cupiditatem.
979 3809 1053 3872 Nam
1074 3825 1140 3871 cum
1158 3808 1195 3871 de
1211 3825 1288 3889 spc-

187 3918 236 3982 liis
258 3921 341 3985 urbis
363 3923 505 3986 incensae
528 3923 697 3988 sustulisset
708 3923 808 3988 Acbar
831 3929 945 3987 vestem
968 3941 1089 3987 auream
1114 3928 1144 3984 et
1161 3921 1288 3985 ducenta

184 4072 392 4084 ——-..--.

257 4171 286 4241 1)
307 4170 392 4224 blattb.
413 4171 453 4238 10,
474 4173 498 4226 a.
571 4173 603 4242 2)
620 4171 676 4226 Act.
698 4171 725 4239 3,
747 4172 772 4226 6.
843 4173 873 4240 3)
890 4171 940 4226 loa.
960 4189 981 4226 c.
1001 4172 1025 4226 ⁷.
