2932 4700
252 361 296 426 u
617 425 621 438 ι
703 355 901 414 mmm

339 516 390 582 37.
434 520 571 602 Denique
602 519 673 583 dicit
702 519 744 582 illi
773 518 966 584 adulescens:
987 517 1015 605 ¹)
1048 521 1159 586 Omnia
1188 524 1264 586 dccc
1286 543 1343 586 cu-

253 633 369 695 stodivi
391 653 411 698 a
435 635 592 698 iuventute
624 652 710 713 mea,
750 635 826 715 qut'd
848 636 948 698 adduc
968 637 1042 700 milti
1064 637 1177 699 dccet?
1220 637 1276 700 Aa't
1297 638 1345 699 illi

252 743 357 809 Ictus:
387 747 423 810 st
445 749 495 810 cic
513 747 675 829 perfectus
698 767 784 826 erac,
815 751 914 827 cade,
938 751 1037 812 cende
1060 751 1165 813 omnic
1187 751 1269 814 coca
1291 759 1345 815 tac

253 867 283 924 ct
311 862 353 924 dc
378 863 574 940 pauperibus
603 872 633 926 ct
660 863 788 926 habebis
811 864 990 927 thesaurum
1013 866 1047 926 ira
1072 866 1178 943 cacto,
1212 874 1241 928 ct
1261 867 1343 944 ccci,

251 993 380 1055 tepuere
403 996 457 1040 me.
501 976 538 1039 Et
559 993 649 1059 supra
665 973 697 1059 ²)
720 977 813 1040 habes
836 977 992 1059 scriptum,
1022 979 1073 1042 ubi
1095 978 1262 1062 diligendos
1284 979 1345 1041 ini-

253 1089 345 1152 micos
369 1096 399 1152 ct
421 1089 564 1153 orandum
591 1091 660 1153 dicit
688 1107 743 1171 pro
775 1089 1017 1153 calumniantibus
1041 1098 1070 1154 et
1095 1090 1345 1172 persequentibus

254 1219 309 1266 nos
343 1207 373 1263 et
407 1200 586 1265 benedicere
620 1201 840 1266 maledicentes.
884 1202 947 1266 Hoc
977 1220 1034 1266 nos
1068 1203 1169 1268 iacere
1193 1203 1345 1284 debemus,

255 1317 281 1378 si
312 1314 448 1379 volumus
477 1315 602 1397 perfecti
634 1334 721 1397 esse,
751 1317 828 1380 sicut
856 1323 942 1398 pater
970 1324 1091 1399 noster,
1121 1318 1172 1398 qui
1200 1318 1230 1379 in
1261 1316 1345 1380 caelo

256 1435 319 1510 est,
353 1431 403 1511 qui
426 1447 517 1512 super
539 1431 637 1495 bonos
660 1439 690 1494 et
712 1431 805 1495 malos
830 1431 924 1494 solem
953 1431 1035 1494 iubet
1056 1431 1157 1495 radios
1180 1446 1252 1494 suos
1275 1430 1346 1494 iun-

255 1542 342 1624 dere,
374 1552 403 1606 et
428 1544 527 1626 pluvia
553 1552 583 1610 et
607 1564 679 1610 rore
707 1553 802 1610 terras
831 1548 1034 1610 universarum
1058 1548 1123 1610 sine
1145 1546 1204 1609 ulla
1227 1544 1346 1609 discre-

253 1656 334 1720 tione
356 1657 565 1741 pinguescere.
610 1660 674 1724 licc
701 1666 748 1722 est
768 1660 860 1742 igitur
889 1657 1054 1741 perfectum
1086 1659 1230 1740 officium,
1265 1659 1347 1741 qued

253 1758 448 1856 κατόρθωμα
479 1771 617 1836 dixerunt
647 1773 772 1854 Graeci,
808 1792 868 1854 quc
900 1775 1091 1857 corriguntur
1121 1776 1235 1855 omnia,
1270 1792 1347 1855 quaa

255 1887 368 1968 aliquos
391 1893 551 1969 potuerunt
573 1888 673 1970 lapsus
696 1888 816 1952 habere.

341 1998 391 2064 38.
428 2000 510 2065 Bona
527 2003 613 2066 etiam
631 2003 844 2084 misericordia,
867 2022 944 2085 quae
964 2011 994 2066 et
1014 2005 1076 2085 ipsa
1095 2001 1246 2084 periectos
1268 2001 1347 2082 iacit,

255 2115 323 2197 quia
354 2116 481 2178 imitatur
502 2115 667 2199 perfectum
696 2126 818 2200 patrem.
863 2119 941 2181 Nihil
966 2125 1023 2181 tam
1047 2115 1233 2181 commendat
1258 2113 1348 2178 ctri-

253 2231 374 2294 stianam
398 2231 540 2311 animam,
563 2251 649 2313 quam
673 2232 877 2296 misericordia
885 2253 898 2310 3
925 2234 1049 2315 primum
1072 2233 1102 2295 in
1125 2247 1289 2314 pauperes,
1313 2237 1346 2293 ut
1457 2297 1458 2316 ἶ

254 2364 424 2410 communes
458 2347 570 2410 iudices
604 2355 705 2430 partus
737 2355 878 2427 naturae,
913 2365 990 2428 quae
1023 2347 1158 2410 omnibus
1192 2343 1229 2408 ad
1259 2361 1345 2408 usum

253 2466 380 2542 generat
412 2460 524 2524 fructus
554 2468 715 2540 terrarum,
751 2469 783 2524 ut
818 2460 897 2542 quod
932 2461 1024 2523 habes
1053 2461 1190 2545 largiaris
1220 2460 1344 2542 pauperi

254 2579 284 2634 et
306 2581 476 2636 consortem
501 2581 531 2637 et
554 2573 740 2637 conformem
763 2581 843 2637 tuum
866 2575 998 2637 adiuves.
1045 2575 1090 2637 Tu
1112 2593 1260 2637 nummum
1282 2574 1345 2636 iar-

253 2687 342 2770 giris‚
373 2688 422 2751 ille
447 2689 531 2750 vitam
565 2689 687 2770 accipit3
722 2697 753 2752 tu
783 2691 937 2772 pecuniam
968 2689 1039 2768 das,
1073 2690 1124 2753 dte
1153 2691 1343 2753 substantiam

254 2820 336 2865 suam
360 2804 501 2866 aestimat.
547 2803 627 2866 Tuus
652 2804 793 2866 denarius
817 2821 926 2866 census
950 2803 1027 2891 iliius
1051 2809 1102 2867 est.

342 2913 392 2980 39.
437 2917 483 2979 Ad
507 2917 582 2980 haec
605 2919 670 3000 plus
694 2917 743 2981 ille
766 2919 817 2980 tibi
841 2917 973 2997 confert,
1003 2936 1069 2980 cum
1091 2919 1130 2981 sit
1152 2918 1268 2980 debitor
1291 2934 1344 2979 sa-

253 3031 331 3094 lutis.
378 3030 408 3096 Si
442 3032 552 3094 nudum
580 3034 706 3113 vestias,
741 3039 769 3106 te
801 3033 895 3114 ipsum
922 3032 1018 3096 induis
1049 3033 1173 3109 iustitia3
1204 3033 1229 3095 si
1251 3049 1346 3115 pere-

254 3146 370 3229 grinum
394 3146 448 3209 sub
472 3152 580 3209 tectum
602 3147 724 3210 inducas
755 3155 854 3228 tuum,
884 3149 910 3211 si
941 3147 1084 3230 suscipias
1108 3145 1277 3230 egentem‚'
1295 3147 1345 3210 ille

254 3262 306 3324 tibi
328 3260 454 3343 adquirit
477 3268 646 3325 sanctorum
672 3263 813 3326 amicitias
837 3271 867 3325 ct
889 3270 1011 3326 aeterna
1033 3262 1231 3326 tabernacula.
1277 3261 1344 3324 Non

255 3375 413 3439 mediocris
436 3377 490 3438 ista
514 3375 618 3459 gratia.
664 3374 835 3457 Carporaiia
859 3376 987 3438 seminas
1011 3381 1040 3436 et
1063 3374 1172 3454 recipis
1195 3372 1344 3454 spiritalia.

255 3490 371 3554 Miraris
394 3489 530 3552 iudicium
554 3488 663 3553 domini
683 3489 721 3551 de
739 3495 841 3552 sancto
865 3488 941 3552 lob?
986 3489 1094 3552 Mirarc
1116 3487 1255 3549 virtutem
1270 3486 1345 3566 cius,

256 3607 304 3686 qui
327 3611 444 3686 poterat
460 3606 575 3668 dicere:
592 3602 624 3688 ³)
649 3605 765 3668 Oculus
781 3624 867 3668 crum
882 3624 1052 3682 caecorum,
1074 3623 1130 3684 pes
1155 3601 1343 3666 claudorum.

255 3717 322 3798 Epo
352 3738 438 3780 eram
467 3719 655 3798 infirmorum
681 3726 791 3796 pater,
826 3719 992 3781 velleribus
1029 3736 1178 3797 aquarum
1198 3732 1346 3790 'ancorum

256 3830 402 3909 calefacti
434 3841 507 3894 scat
539 3833 657 3896 humeri
688 3851 801 3894 eorum.
846 3833 938 3896 Forte
967 3851 1032 3895 ccc
1063 3830 1224 3894 dubitabat
1251 3848 1345 3910 perc·

256 3946 381 4026 prinum
414 3946 525 4008 ostium
548 3954 648 4009 cutem
669 3965 767 4008 meacm
791 3949 874 4009 omni
897 3949 1033 4011 venienti
1057 3945 1193 4026 patebat.
1238 3946 1345 4009 Beatus

328 4183 1296 4264 nmmmcmfflammmmmmm
