2932 4700
233 341 276 406 34
680 333 706 388 s.
725 332 880 388 auenosu

233 501 310 564 enim
340 498 367 564 si
397 516 453 581 pro
484 498 582 562 otioso
611 496 705 558 verbo
739 493 846 557 reddet
874 495 1079 576 unusquisque
1107 495 1269 575 rationem,
1298 492 1327 579 ι)

233 620 343 698 quanto
373 613 467 698 magis
490 630 545 695 pro
568 610 662 673 verbo
685 609 850 692 inpuritatis
874 615 904 672 et
926 609 1138 693 turpitudinis?
1183 608 1328 674 Graviora

232 737 301 794 sunt
328 728 406 792 enim
436 727 528 790 verba
557 723 827 806 praecipitationis,
859 742 945 805 quam
968 726 1073 790 otiosa.
1117 725 1199 809 Ergo
1223 725 1249 788 si
1270 742 1327 807 pro

232 845 331 910 otioso
353 843 447 906 verbo
470 842 547 904 ratio
569 840 712 922 poscitur,
737 847 849 921 quanto
873 841 968 923 magis
991 860 1046 923 pro
1071 858 1211 904 sermone
1226 839 1328 921 inpie-

230 959 299 1024 tatis
321 975 419 1041 poena
441 954 631 1020 exsolvitur?

649 1225 820 1320 oneum
853 1225 911 1292 nr.

232 1396 289 1452 Non
307 1402 468 1465 perpetuum,
485 1409 534 1446 nac
552 1393 659 1445 otiosum
679 1407 736 1444 esse
755 1391 853 1444 dobere
865 1390 1000 1458 silentium,
1020 1400 1046 1444 et
1059 1406 1110 1462 quo
1123 1399 1199 1459 pacto
1213 1390 1327 1444 custodia

355 1482 427 1534 cordi
445 1488 520 1550 atque
539 1481 577 1532 ori
596 1487 683 1533 contra
702 1479 860 1531 inordinatos
879 1478 985 1531 affectus
1003 1478 1146 1532 adhibenda
1164 1480 1205 1531 ait.

318 1641 347 1708 9.
393 1640 468 1717 Quid
502 1641 621 1724 igitur?
674 1640 770 1704 Mutos
804 1657 862 1703 nos
896 1657 965 1702 esse
999 1639 1145 1721 oportet?
1198 1638 1326 1704 Minime.

231 1759 285 1822 Est
313 1756 390 1820 enim
421 1762 537 1836 tempus
567 1752 684 1818 tacendi
708 1760 738 1816 ct
761 1759 808 1816 est
830 1759 945 1834 tempus
967 1752 1117 1835 loquendi.
1135 1751 1167 1836 2)
1211 1752 1328 1816 Deinde

231 1873 256 1936 si
279 1889 334 1955 pro
358 1870 456 1934 otioso
479 1867 573 1931 verbo
594 1864 744 1930 reddimus
760 1867 914 1946 rationem,
936 1868 1090 1931 videamus
1113 1887 1151 1938 ne
1167 1866 1327 1932 reddamus

231 1993 261 2052 et
282 2004 337 2068 pro
361 1985 459 2049 otioso
482 1981 609 2045 silentio.
654 1980 708 2044 Est
730 1980 808 2043 enim
832 1986 860 2044 et
883 1982 1072 2065 negotiosum
1099 1981 1264 2062 sitentium,
1295 1987 1328 2045 ut

231 2108 295 2166 erat
317 2100 487 2177 susannae,
516 2114 593 2179 quae
615 2095 682 2178 plus
706 2097 769 2178 egit
790 2095 935 2191 tacendo,
957 2114 1044 2179 quam
1068 2098 1094 2160 si
1117 2104 1198 2162 esset
1219 2101 1326 2164 locuta.

158 2213 162 2243 ²
231 2212 370 2279 Tacendo
394 2213 472 2275 enim
495 2210 573 2293 apud
596 2209 731 2274 homines
754 2211 852 2274 locuta
876 2217 923 2274 est
946 2209 1014 2290 deo,
1041 2229 1098 2274 nee
1120 2212 1210 2277 ullum
1232 2213 1326 2296 majus

230 2327 368 2392 indicium
396 2344 469 2390 suae
498 2324 639 2388 castitatis
662 2321 790 2405 inve‘nit,
825 2343 913 2406 quam
935 2325 1091 2390 silentium.
1137 2326 1327 2390 Conscientia

229 2443 426 2523 loquebatur,
455 2440 506 2504 ubi
537 2457 597 2502 vox
627 2458 688 2504 non
718 2441 910 2521 audiebatur,
944 2461 1000 2504 neo
1029 2440 1192 2522 quaerebat
1212 2457 1268 2522 pro
1292 2457 1326 2502 se

153 2574 155 2586 ’
230 2555 380 2619 hominum
404 2553 544 2617 iudicium
566 2571 644 2633 quae
667 2554 794 2617 habebat
816 2553 926 2618 domini
947 2555 1155 2620 testimonium.
1199 2552 1246 2617 Ab
1274 2554 1326 2616 illo

230 2668 320 2752 igitur
343 2665 464 2731 volebat
485 2663 615 2742 absolvi,
647 2682 735 2745 quem
763 2664 877 2730 sciebat
905 2665 985 2729 nullo
1016 2667 1105 2731 modo
1135 2685 1227 2750 posse
1257 2667 1327 2731 tatii.

230 2781 298 2865 lpse
320 2780 457 2846 dominus
473 2773 506 2861 8)
530 2777 560 2838 in
583 2777 741 2861 evangelio
768 2784 871 2841 tacens
903 2779 1081 2859 operabatur
1112 2781 1236 2844 salutem
1266 2780 1326 2844 ho-

230 2896 347 2958 minum.
399 2893 492 2957 Recte
522 2910 599 2975 ergo
631 2891 725 2956 David
757 2910 818 2956 non
852 2893 998 2956 silentium
1031 2895 1086 2958 sibi
1116 2893 1221 2958 indixit
1251 2911 1327 2977 per-

230 3015 361 3091 petuum,
383 3006 439 3071 sed
463 3005 635 3069 custodiam.

320 3119 368 3186 to.
415 3119 622 3185 custodiamus
660 3138 736 3204 ergo
774 3139 828 3185 cor
864 3128 1015 3204 nostrum,
1054 3121 1253 3188 custodiamus
1290 3140 1326 3187 os

231 3242 383 3314 nostrum3
403 3241 560 3317 utrumque
583 3236 661 3298 enim
685 3238 826 3319 scriptum
849 3245 911 3301 est:
935 3238 992 3320 hic,
1015 3247 1048 3303 ut
1063 3256 1098 3302 os
1115 3236 1325 3318 custodiamus,

230 3351 299 3415 alibi
322 3351 373 3414 tibi
395 3349 516 3415 dicitur:
529 3345 562 3432 ⁴)
589 3349 680 3412 Omni
699 3351 843 3413 custodio
860 3371 955 3415 screa
973 3371 1028 3415 cor
1043 3362 1134 3417 tuom.
1172 3353 1204 3419 Si
1219 3359 1325 3417 custo·

231 3465 330 3530 diebat
350 3462 462 3544 David,
491 3469 522 3526 tu
550 3481 611 3528 non
642 3463 822 3528 custodies?
866 3463 898 3530 Si
928 3466 1066 3530 inmunda
1094 3466 1171 3530 labia
1200 3466 1326 3531 habebat

230 3577 363 3656 Hesaias,
386 3577 436 3658 qui
453 3574 542 3638 dixit:
556 3571 587 3658 ⁵)
612 3575 639 3638 0
660 3577 754 3638 miser
776 3594 841 3657 apo,
866 3578 1014 3656 quonium
1035 3587 1324 3661 compunctusque»,

231 3692 307 3772 quio
327 3711 395 3754 cum
415 3690 474 3754 cim
496 3692 602 3768 bomo,
627 3699 656 3754 ct
678 3690 829 3752 inmundo
852 3691 938 3754 lobio
960 3693 1106 3768 babeam
1132 3695 1157 3758 si
1180 3694 1325 3778 propheta

232 3803 343 3867 domini
365 3804 504 3869 inmunda
526 3804 653 3867 habebat
674 3804 760 3882 labia,
783 3804 934 3886 quomodo
958 3823 1014 3870 nos
1033 3808 1143 3871 munda
1157 3808 1324 3872 babemus?

303 4073 332 4141 1)
349 4070 435 4125 biattb.
455 4073 556 4139 12,.36.
615 4075 647 4146 2)
663 4074 733 4129 Ecci.
753 4074 780 4140 3,
799 4075 824 4128 7.
884 4073 1141 4144 maturitates.
1201 4078 1232 4146 4)
1248 4076 1323 4131 Pron.

232 4159 260 4229 4,
279 4158 321 4216 23.
393 4159 422 4229 5)
439 4157 500 4215 aar.
520 4161 547 4229 6,
564 4160 590 4214 5.
