2976 4706
231 319 293 385 Ἀθ
676 316 874 372 mmm

228 479 285 544 rito
308 478 352 541 sic
376 479 524 561 expetitus
548 480 653 543 catab
676 481 818 544 universo
841 480 961 563 populo,
984 488 1017 545 ut
1039 481 1177 544 venirent
1198 480 1235 544 ad
1252 497 1323 546 am

229 610 331 656 omnes
359 593 451 655 tribus
479 592 570 656 lsrael
599 593 751 658 dicentes:
773 590 801 678 ¹)
831 593 917 657 Ecce·
934 614 994 658 aoa
1017 613 1092 658 casa
1114 602 1168 658 tua
1190 602 1220 658 ct
1241 615 1317 658 carc

228 711 281 770 tao
302 725 425 780 samua5
449 707 517 768 beri
540 714 569 769 et
589 708 838 784 nudiustertius,
864 727 930 770 arm
947 717 1029 771 esset
1042 708 1120 770 Saul
1134 717 1164 771 et
1176 717 1321 790 regnunt

227 837 321 898 saper
344 838 411 896 aas,
437 828 468 882 ta
492 840 564 882 cras
588 822 642 902 qai
662 821 862 900 producebas
885 831 915 884 et
937 820 1110 884 inducebas
1131 821 1239 884 lsrael.
1279 822 1321 884 lu

227 932 311 994 dicit
332 931 388 994 tibi
409 933 570 996 dominae:
596 935 640 995 Tu
659 954 773 1015 pasees
792 937 941 1015 populant
955 955 1061 998 meam.
1100 936 1137 997 Et
1151 935 1220 1016 quid
1236 934 1319 1017 plura

228 1044 265 1106 de
289 1063 325 1108 eo
349 1045 451 1124 dicam,
476 1046 513 1108 de
536 1065 596 1127 quo
619 1047 787 1110 huiusmodi
811 1047 858 1110 dei
881 1049 1029 1129 processit
1051 1049 1206 1126 sententia,
1229 1054 1261 1110 ul
1282 1049 1319 1110 de

228 1177 265 1222 eo
289 1159 418 1222 diceret:
444 1159 546 1223 luveni
567 1161 660 1224 David
685 1162 848 1226 secundum
872 1179 925 1224 cor
947 1158 1116 1244 meum?²)
1153 1161 1225 1235 Quis
1242 1163 1319 1224 enim

197 1287 201 1295 ·
227 1275 257 1336 ia
280 1275 434 1336 sanctitate
457 1273 558 1336 cordis
582 1279 611 1334 et
633 1275 743 1335 iustitia
766 1275 843 1336 sicut
865 1274 922 1336 iste
945 1274 1111 1352 ambulavit,
1135 1281 1167 1336 ut
1186 1273 1322 1355 impleret

228 1387 409 1450 voluntatem
433 1387 498 1466 dei,
530 1394 654 1468 propter
678 1405 765 1467 quem
789 1394 818 1449 et
841 1387 1080 1469 delinquentibus
1104 1388 1231 1469 posteris
1254 1387 1319 1448 eius

146 1527 148 1534 ·
228 1502 314 1562 venia
339 1501 403 1563 data
427 1507 456 1563 et
478 1501 687 1583 praerogativa
712 1507 757 1562 est
779 1508 932 1564 reservata
954 1501 1140 1564 heredibus?

314 1614 364 1681 36.
410 1617 482 1692 Quis
505 1618 596 1699 igilur
618 1635 678 1680 non
701 1615 839 1700 diligeret
861 1637 946 1696 eum,
963 1615 995 1700 3)
1028 1634 1116 1699 quem
1140 1614 1259 1677 videbat
1280 1613 1319 1674 ita

229 1749 327 1793 aarum
351 1730 467 1809 amicis,
500 1736 548 1807 ut,
581 1731 648 1810 quia
672 1731 736 1811 ipse
759 1731 877 1792 sincere
900 1733 1011 1794 amicos
1034 1729 1192 1814 diligebat,
1224 1745 1320 1808 aeque

228 1844 311 1926 diligi
339 1862 374 1906 sc
403 1862 420 1904 a
450 1844 511 1905 suis
540 1844 641 1905 amicis
666 1843 885 1906 arbitraretur?
930 1844 1065 1925 Denique
1088 1849 1227 1926 parantes
1251 1860 1318 1904 eum

227 1956 293 2020 liliis
323 1958 401 2035 sum,
434 1955 484 2019 lilii
519 1956 728 2039 praeferebant
761 1957 941 2037 parantibus.
985 1957 1070 2019 Unde
1103 1959 1234 2042 graviter
1269 1957 1320 2018 in-

229 2069 365 2153 dignatus
381 2069 450 2135 Saul
472 2075 630 2151 percutere
645 2069 786 2133 lonatban
809 2069 899 2133 lilium
922 2088 1005 2133 suum
1022 2071 1113 2133 voluit
1134 2071 1227 2148 basta,
1251 2071 1320 2150 quia

227 2184 318 2264 pluris
346 2183 423 2265 apud
454 2201 519 2245 eum
549 2183 650 2246 valere
672 2184 767 2247 David
791 2185 943 2247 amicitiam
967 2185 1129 2264 iudicabat,
1160 2203 1245 2267 quam
1269 2185 1319 2248 vel

228 2297 366 2378 pietatem
389 2298 437 2359 vel
460 2298 663 2360 auctoritatem
689 2305 851 2380 paternam.
870 2295 902 2380 ⁴]

316 2408 365 2472 37.
410 2409 523 2472 Etenim
547 2410 583 2471 ad
606 2411 784 2475 incentivum
809 2413 939 2474 caritatis
971 2413 1133 2474 communis
1163 2413 1319 2494 plurimum

228 2521 358 2603 proficit,
382 2521 406 2583 si
430 2521 496 2602 quis
518 2523 614 2583 vicem
638 2523 799 2586 amantibus
822 2524 942 2602 reddat,
966 2543 1023 2587 nec
1045 2527 1140 2588 minus
1164 2527 1319 2589 redamare

229 2651 263 2696 se
292 2633 414 2715 probet,
447 2652 533 2714 quam
563 2636 627 2714 ipse
658 2643 770 2697 amatur
801 2636 891 2716 idque
923 2638 1065 2700 amicitiae
1096 2639 1190 2702 tidelis
1221 2646 1320 2722 pateat

230 2747 381 2828 exemplis.
428 2745 504 2820 Quid
527 2746 604 2807 enim
627 2752 684 2807 tam
706 2748 861 2828 populare,
884 2767 970 2830 quam
994 2753 1114 2833 gralia?
1160 2753 1237 2828 Ouid
1260 2761 1319 2816 mm

228 2860 345 2924 insitum
368 2867 507 2939 naturae,
534 2877 620 2940 quam
643 2860 865 2947 utdiligentem
889 2862 1020 2946 diligas?
1065 2867 1142 2941 Quid
1165 2874 1222 2930 tam
1245 2869 1316 2932 ino-

228 2973 310 3035 litum
332 2981 421 3054 atquc
444 2975 610 3055 inpressum
633 2975 785 3039 affectibus
808 2977 951 3056 humanis,
975 2997 1061 3060 quam
1083 2988 1115 3043 ut
1136 3000 1203 3044 cum
1219 3001 1319 3045 amare

230 3086 351 3149 inducas
381 3088 409 3149 in
438 3087 582 3165 animum,
613 3107 630 3150 a
660 3107 718 3170 quo
749 3097 778 3152 te
808 3094 898 3153 amari
921 3093 1022 3157 velis?
1067 3096 1172 3159 ltlcrito
1199 3099 1318 3179 sapiens

230 3200 314 3263 dicit:
332 3197 364 3286 ὅ)
397 3202 493 3263 Perde
521 3205 686 3281 pecaniam
712 3215 844 3285 propter
871 3206 1003 3284 fratrem
1034 3217 1064 3269 et
1092 3212 1231 3273 amicum.
1283 3209 1321 3273 Et

230 3315 311 3377 alibi:
328 3311 361 3398 6)
394 3316 533 3380 Amicam
563 3320 703 3383 salutare
733 3339 797 3384 aaa
827 3323 1006 3386 erubescam
1037 3333 1066 3387 et
1086 3345 1107 3387 a
1125 3328 1210 3407 facio
1233 3326 1319 3390 illius

230 3449 293 3493 aaa
316 3451 361 3492 mc
385 3431 579 3496 abscondam.
622 3434 771 3516 Siquidem
794 3437 872 3498 vitae
896 3443 925 3498 et
947 3439 1160 3502 inmortalitatis
1183 3439 1319 3504 medioa-

230 3551 358 3606 mentum
387 3546 416 3606 in
446 3549 540 3612 amico
573 3567 641 3611 csse
671 3549 891 3612 ecclesiasticus
926 3569 1024 3616 sermo
1060 3559 1199 3616 testatur:
1225 3549 1255 3637 ⁷)
1289 3562 1320 3617 et

229 3675 371 3720 summum
400 3660 429 3721 in
457 3663 577 3724 caritate
606 3664 783 3743 praesidium
812 3683 901 3728 nomo
924 3666 1117 3747 dubitaverit,
1150 3687 1216 3731 oum
1239 3685 1317 3749 apo-

230 3835 405 3844 ·-—..--.-
410 3839 435 3846 ι,

302 3950 330 4020 1)
348 3953 372 4004 2.
385 3951 448 4022 Reg.
467 3955 493 4019 5,
514 3954 525 4004 l
546 3971 599 4024 aeq.
645 3957 672 4022 2)
690 3955 781 4010 Psalm.
800 3957 842 4024 88,
861 3957 904 4010 21.
950 3959 977 4024 3)
996 3958 1020 4012 3.
1033 3959 1097 4029 Reg.
1118 3959 1159 4026 11,
1180 3960 1212 4011 12
1232 3968 1258 4011 et
1277 3959 1317 4012 13.

229 4036 1316 4180 {mmmmm„mmmaoffimmamffl

249 4163 317 4195 μ
