2932 4700
214 391 257 457 32
662 391 688 446 s.
708 393 862 450 nonnoso

302 547 331 614 3.
374 550 441 615 Non
471 551 562 634 igitur
589 553 659 616 mihi
688 557 891 636 apostolorum
920 556 1047 640 gloriam
1071 557 1206 638 vindico;
1239 559 1304 640 quis

215 663 292 726 enim
313 663 389 744 hoc,
422 667 479 731 nisi
503 685 578 749 quos
601 670 665 750 ipse
688 669 763 732 filius
787 671 877 754 elegit
900 671 973 733 dai?
1007 690 1067 735 non
1096 673 1306 755 prophetarum

214 779 353 860 gratiam,
377 797 438 842 non
461 781 600 845 virtutem
621 785 889 867 evangelistarum,
921 805 981 850 non
1003 779 1154 869 pastorum
1177 787 1307 851 circum-

213 894 413 975 spectionem,
445 895 500 959 sed
528 899 729 963 tantummodo
752 901 943 963 intentionem
967 906 996 962 et
1018 901 1202 984 diligentiam
1225 902 1306 965 circa

152 1001 183 1060 Υ
214 1008 377 1089 scripturas
401 1009 515 1072 divinas
540 1017 610 1091 opto
633 1010 767 1093 adsequi,
791 1031 877 1093 quam
894 1013 1023 1076 ultimam
1039 1015 1138 1094 posuit
1153 1014 1307 1094 apostolus

214 1119 291 1183 inter
324 1121 421 1184 officia
445 1119 638 1204 sanctorum,
673 1130 702 1186 et
734 1125 810 1186 hano
845 1125 954 1206 ipsam,
986 1131 1018 1187 ut
1050 1125 1176 1189 docendi
1209 1127 1307 1190 studio

214 1236 326 1316 possim
349 1235 474 1299 discere.
514 1237 595 1301 Unus
620 1239 696 1299 enim
719 1256 810 1301 verus
834 1241 976 1321 magister
999 1247 1053 1319 est,
1079 1241 1128 1321 qui
1150 1240 1231 1302 solus
1247 1257 1308 1303 non

217 1345 316 1412 didicit
338 1349 418 1429 quod
443 1367 547 1413 omnes
570 1350 694 1414 doceret
701 1373 711 1429 3
733 1351 869 1414 homines
886 1357 982 1415 autem
999 1351 1115 1416 discunt
1129 1354 1211 1435 prius
1228 1352 1307 1435 quod

215 1460 351 1542 doceant,
375 1470 404 1525 et
426 1464 462 1526 ab
486 1464 537 1528 illo
560 1465 708 1547 accipiunt
730 1465 810 1547 quod
833 1467 898 1528 aliis
921 1467 1046 1529 tradant.

302 1573 331 1639 n.
370 1578 457 1652 Quod
480 1598 518 1642 ne
540 1581 635 1660 ipsum
659 1579 777 1660 quidem
795 1580 865 1641 mihi
880 1579 993 1642 accidit.
1030 1580 1096 1664 Ego
1113 1581 1190 1643 enim
1206 1588 1308 1663 raptus

215 1689 252 1754 de
274 1691 466 1756 tribunalibus
497 1699 585 1775 atque
615 1693 876 1758 administrationis
906 1694 1004 1758 infulis
1035 1694 1071 1758 ad
1098 1678 1307 1773 sacerdotium,

216 1803 326 1869 docere
355 1824 410 1870 vos
442 1809 528 1889 coepi
556 1807 635 1888 quod
665 1808 730 1888 ipse
758 1825 819 1870 non
851 1807 947 1870 didici.
991 1808 1092 1889 itaque
1121 1807 1307 1888 factumest,

213 1925 246 1982 ut
267 1920 349 2001 prius
373 1919 484 1982 dooere
506 1920 687 2002 inciperem,
720 1939 807 2000 quam
839 1920 964 1984 discere.
1009 1920 1188 1984 Discendum
1218 1923 1307 2005 igitur

214 2030 285 2094 mihi
306 2030 393 2096 simui
415 2038 445 2094 et
467 2032 633 2096 docendum
655 2038 709 2112 est,
733 2034 871 2114 quoniam
886 2051 947 2097 non
964 2037 1081 2098 vacavit
1096 2041 1164 2097 ente
1180 2034 1307 2099 discere.

639 2303 809 2372 CAPUT
842 2308 884 2372 ΙΙ.

215 2465 346 2536 Multiplax
363 2466 493 2535 loquendo
511 2468 605 2520 incurri
622 2470 771 2537 periculum,
793 2473 864 2524 cuiue
879 2471 1019 2524 remedium
1031 2473 1156 2539 scriptura
1169 2471 1194 2522 iu
1206 2470 1306 2522 silentio

575 2555 731 2610 demonstrat
749 2574 806 2611 esse
824 2561 941 2626 positum.

303 2713 332 2781 5.
378 2714 453 2790 Quid
488 2719 584 2777 autem
618 2734 690 2798 prae
722 2719 831 2781 ceteris
869 2719 1010 2782 debemus
1048 2718 1183 2798 discere,
1221 2736 1307 2799 quam

216 2838 336 2910 tacere,
363 2836 395 2895 ut
417 2830 566 2910 possimus
588 2830 687 2913 loqui,
710 2850 749 2894 ne
772 2833 855 2913 prius
876 2851 924 2894 me
946 2851 1008 2896 vox
1030 2831 1209 2895 condemnet
1231 2851 1305 2912 mea,

217 2963 303 3027 quam
326 2945 460 3008 absolvat
482 2945 603 3009 aliena?
641 2945 788 3028 Scriptum
812 2953 856 3012 est
879 2947 973 3010 enim:
994 2944 1022 3029 ¹)
1045 2945 1097 3009 Ec
1118 2945 1221 3008 cerdis
1245 2947 1308 3008 inis

215 3058 480 3122 condemnaberis.
526 3059 602 3135 Quid
625 3078 700 3141 opus
725 3066 771 3124 est
792 3062 897 3144 igitur,
922 3067 955 3123 ut
976 3077 1121 3142 properes
1144 3059 1308 3140 periculum

216 3173 368 3256 suscipere
398 3159 651 3236 condemnationis
681 3170 849 3253 loquendo,
880 3191 946 3235 cum
969 3171 1094 3235 tacendo
1116 3172 1216 3253 possis
1239 3189 1307 3235 esse

215 3284 330 3349 tutior?
367 3284 532 3366 Conplores
548 3281 607 3346 vidi
624 3283 777 3364 loquendo
793 3291 946 3365 peccatum
961 3283 1111 3364 incidisse,
1135 3285 1185 3347 vix
1201 3303 1307 3366 quem-

216 3416 302 3481 quam
325 3397 461 3478 tacendo,
484 3397 612 3479 ideoque
635 3406 737 3462 tacere
760 3417 971 3480 nosse,quam
990 3399 1073 3480 loqui
1088 3398 1235 3462 diiiicilius
1252 3406 1307 3461 est.

216 3509 285 3575 Scio
307 3510 388 3592 loqui
411 3511 584 3593 plerosque,
607 3527 673 3572 cum
697 3517 798 3574 tacere
821 3513 962 3573 nesciant
1006 3510 1116 3574 Rarum
1138 3519 1184 3575 est
1207 3520 1308 3575 tacere
1334 3529 1338 3532 ·

217 3640 403 3706 quemquam,
431 3645 497 3689 cum
520 3626 575 3688 sibi
598 3625 679 3706 loqui
702 3625 773 3688 nihil
795 3626 897 3707 prosit.
943 3626 1067 3709 Sapiens
1091 3632 1136 3688 est
1160 3644 1234 3710 ergo
1258 3628 1309 3707 qui

216 3739 298 3802 novit
319 3745 429 3802 tacere.
475 3741 610 3821 Denique
632 3739 775 3822 sapientia
804 3739 852 3802 dei
879 3739 968 3802 dixit:
986 3737 1017 3822 ²)
1050 3732 1203 3803 Dominus
1224 3740 1310 3803 dedit

137 3928 140 3952 Ι
215 3853 291 3914 midi
314 3853 451 3934 iinpnum
472 3853 668 3931 eruditionis,
692 3852 819 3933 quondo
844 3860 987 3933 oporteat
1006 3873 1179 3916 sermonem
1194 3853 1308 3916 dicere.

6 3973 7 4048 g
128 3919 139 4010 k
216 3964 323 4029 Merito
345 3983 420 4049 ergo
443 3968 562 4048 sapiens
585 3967 635 4048 qui
665 3986 682 4031 a
713 3966 833 4030 domino
863 3967 968 4048 accipit
998 3985 1058 4049 quo
1088 3973 1221 4049 tempore
1252 3967 1309 4031 sibi

288 4209 315 4277 1)
333 4207 419 4263 dietih.
438 4208 480 4278 12,
498 4208 540 4262 ³⁷.
612 4210 641 4276 2)
660 4207 745 4266 Hesul.
764 4207 807 4278 50,
824 4208 850 4262 4.
