2976 4706
387 353 432 406 DE
452 351 588 408 osricus
607 351 827 406 blllllSTllOllUdl
846 351 941 407 LIBER
960 353 1000 410 lll.
1177 359 1241 422 205

545 519 716 587 CAPUT
750 521 844 588 XIV.

146 661 258 715 Helisaei
276 661 370 713 lactum
391 675 466 730 quam
485 658 618 710 honestum
637 668 712 728 atque
731 659 791 712 utile
809 659 893 711 luerit.
929 657 1049 712 Eiusdem
1068 677 1124 714 cunr
1144 663 1241 716 decon-

146 758 199 802 tato
218 747 373 801 Graecorum
391 748 506 799 facinore
531 748 687 814 conparatio.
723 745 844 800 loannem
869 763 915 815 pro
939 747 1075 800 honestate
1098 751 1174 800 vitorn
1200 753 1265 802 in-'

146 837 283 906 pendisse,
309 851 427 887 necnon
446 833 585 886 Susannam
604 834 695 886 cadens
714 851 790 887 causa
807 851 836 888 se
854 837 942 888 rnortis
966 835 1082 904 periculo
1106 838 1241 890 obiecisse.

234 963 285 1031 86.
330 965 406 1040 Quid
429 982 503 1027 vero
526 963 702 1044 Helisaeus,
734 965 790 1028 nisi
821 965 1007 1029 honestatem
1036 974 1157 1030 secutus
1187 975 1241 1046 est,

148 1098 215 1143 cum
238 1075 400 1143 exercitum
418 1078 534 1162 Syriae,
558 1079 608 1158 qui
632 1079 668 1141 ad
692 1078 886 1143 obsidendum
905 1099 971 1142 eum
988 1089 1121 1160 venerat,
1145 1083 1242 1162 capti-

147 1211 218 1256 vurn
240 1194 404 1256 introduxit
425 1194 456 1255 in
472 1192 642 1271 Samariam,
666 1195 751 1256 cuius
773 1193 880 1257 oculos
903 1195 1045 1257 caecitate
1067 1195 1242 1274 obduxerat,

149 1314 179 1370 et
207 1307 297 1370 dixit:
316 1305 345 1392 1)
377 1308 530 1384 Domine,
563 1308 654 1386 uperi
684 1309 794 1370 oculos
823 1327 946 1386 corum,
976 1317 1011 1371 ot
1037 1309 1181 1388 uideant,
1213 1319 1244 1370 ot

147 1421 319 1482 viderunt?
362 1419 465 1500 ltaque
496 1439 561 1482 cum
591 1439 648 1482 rex
668 1419 760 1482 lsrael
786 1428 946 1502 percutere
975 1421 1130 1504 ingressos
1152 1422 1243 1484 vellet

149 1553 274 1614 eamque
303 1535 359 1597 sibi
388 1533 452 1596 dari
482 1552 499 1596 a
526 1533 672 1616 propbeta
701 1533 869 1598 facultatem
898 1542 1055 1617 posceret,
1087 1535 1242 1617 respondit

147 1665 209 1710 non
230 1647 462 1728 percutiendos,
492 1667 617 1730 quorum
641 1649 838 1729 captivitatem
853 1629 921 1712 'non
944 1655 1025 1712 esset
1047 1668 1135 1713 manu
1162 1667 1241 1730 ope-

136 1765 230 1846 ratus
253 1759 409 1839 armisque
423 1759 553 1839 bellicis,
584 1760 639 1822 sed
666 1761 762 1843 magis
792 1760 925 1824 subsidio
957 1761 1161 1826 alimentorum
1189 1763 1240 1824 iu-

140 1853 272 1935 vandos.
322 1871 458 1952 Denique
489 1872 656 1953 epularibus
684 1870 790 1934 relecti
821 1872 915 1952 copiis
944 1890 1101 1954 numquam
1135 1881 1240 1954 postca

148 1986 178 2048 in
201 1991 311 2048 terram
332 1983 425 2048 lsrael
447 1985 561 2067 piratae
583 1986 687 2067 Syriae
709 1985 921 2048 revertendum
946 1994 1093 2066 putarunt.

237 2095 288 2160 87.
324 2097 440 2172 Quanto
463 2097 521 2159 hoc
543 2097 707 2176 sublimius,
730 2115 818 2179 quarn
840 2097 911 2160 illud
934 2097 1127 2179 Graecorum,
1150 2100 1240 2180 quod,

150 2229 218 2274 curn
240 2210 299 2274 duo
322 2211 424 2293 populi
446 2210 605 2272 adversum
627 2228 662 2272 se
681 2209 719 2272 de
734 2210 830 2293 gloria
845 2211 1030 2293 imperioque
1045 2211 1243 2292 decertarent,

151 2330 181 2385 et
202 2323 278 2386 alter
300 2343 340 2386 ex
361 2323 406 2384 his
429 2322 553 2384 baberet
575 2323 707 2404 copiam,
737 2324 984 2404 quemadmodum
1006 2341 1099 2387 naves
1123 2325 1244 2388 alterius

150 2436 254 2518 populi
276 2435 410 2500 clanculo
434 2442 586 2516 exureret,
609 2444 696 2518 turpe
719 2437 843 2500 credidit
865 2438 1024 2518 maluitque
1040 2439 1137 2501 minus
1152 2457 1245 2522 posse

150 2549 288 2629 honeste,
311 2567 399 2630 quarn
421 2549 486 2631 plus
510 2547 648 2630 turpitcrl
691 2547 729 2611 Et
750 2549 799 2612 isti
822 2549 940 2630 quidem
964 2551 1029 2612 sine
1051 2549 1163 2634 llagilio
1186 2551 1245 2616 boo

151 2664 252 2728 lacere
274 2664 446 2745 nequibant,
468 2669 500 2726 ut
522 2680 587 2742 eos,
610 2663 658 2743 qui
683 2663 905 2727 consummandi
928 2664 998 2726 belli
1016 2665 1128 2728 Persici
1149 2666 1244 2748 gratia

150 2776 181 2840 in
202 2777 374 2840 societatem
397 2781 618 2852 convenerant,
641 2774 696 2836 bac
718 2773 824 2838 iraude
848 2775 1020 2856 deciperent
1027 2795 1038 2851 ;
1066 2794 1154 2855 quarn
1175 2775 1245 2840 licet

151 2897 278 2972 possent
299 2907 423 2972 negare,
446 2905 507 2951 non
530 2893 655 2970 possent
671 2889 844 2950 tamennon
861 2889 1051 2950 erubescere.
1089 2888 1244 2952 Helisaeus

152 3009 249 3066 autern
272 3021 334 3065 non
356 3001 478 3079 fraude,
509 3000 652 3083 deceptos
674 3001 758 3081 licet,
791 3001 845 3065 sed
866 3007 1014 3084 potestate
1037 3003 1148 3065 domini
1170 3021 1245 3084 per-

153 3131 259 3177 cussos
290 3113 389 3175 maluit
418 3118 515 3175 lamen
545 3131 685 3191 servare,
719 3131 806 3192 quarn
834 3113 979 3195 perdere,
1011 3116 1079 3195 quia
1103 3115 1245 3179 decorum

152 3229 231 3291 ioret
251 3226 331 3291 hosti
353 3243 478 3308 parcere
501 3235 531 3290 et
552 3227 725 3291 adversario
746 3228 860 3292 donare
874 3229 973 3308 vitain,
997 3249 1083 3312 quam
1099 3230 1246 3311 potuisset

153 3341 284 3422 auferre,
306 3343 362 3406 nisi
384 3341 579 3424 pepercisset.

159 3493 161 3498 ,
239 3452 292 3520 88.
336 3455 441 3537 Liquet
470 3457 560 3539 igitur
589 3455 635 3536 id,
666 3457 747 3538 quod
777 3457 920 3520 decorurn
943 3463 1005 3535 est,
1035 3473 1154 3536 semper
1176 3472 1245 3518 esse

153 3570 232 3632 utile.
270 3569 345 3632 Narn
368 3576 398 3632 et
419 3567 512 3632 luditb
535 3577 637 3632 sancta
660 3569 771 3633 decoro
794 3575 965 3650 contemptu
986 3569 1125 3651 propriae
1143 3569 1245 3632 salutis

154 3683 245 3746 solvit
267 3683 429 3746 obsidionis
451 3683 615 3765 periculum
638 3690 668 3744 et
689 3683 835 3764 publicam
856 3680 1012 3744 honestate
1037 3683 1158 3764 propria
1188 3681 1245 3744 ad-

156 3793 275 3874 quisivit
295 3797 446 3860 utilitatem
453 3819 462 3876 ;
494 3804 524 3859 et
544 3797 700 3860 Helisaeus
721 3795 884 3881 gloriosius
906 3796 1040 3879 ignovit,
1062 3814 1147 3878 quarn
1170 3814 1245 3878 per-

157 3907 227 3970 culit
249 3915 279 3970 et
299 3909 398 3974 utilius
420 3913 587 3978 reservavit
608 3913 720 3994 hostes,
744 3929 821 3994 quos
844 3917 972 3994 ceperat.

229 4152 255 4216 l)
274 4151 298 4206 4.
311 4151 374 4220 Reg.
393 4153 418 4218 6,
439 4153 471 4203 18
490 4169 559 4223 seqq.
