2932 4700
265 368 307 436 50
704 367 903 424 annemsn

264 527 330 610 Epo
351 546 419 590 snm
448 537 595 592 scrutans
618 530 718 593 corda
741 538 771 591 et
791 550 890 594 renes.
935 529 972 594 Et
993 529 1024 594 in
1047 531 1204 615 evangelio
1228 531 1269 595 ait
1292 531 1353 596 do-

262 641 357 708 minus
379 641 479 708 Iesus:
499 641 527 729 ¹)
562 644 646 721 Quid
679 647 823 726 capitatis
854 647 937 710 mala
966 646 1000 706 in
1033 647 1182 712 cordibus
1211 648 1353 710 cestris?

263 755 380 822 Sciebat
408 759 484 821 enirn
516 757 595 840 qnod
629 761 795 842 cogitarent
822 760 905 822 mala.
950 761 1085 842 Denique
1113 767 1144 823 et
1167 761 1351 845 evangelista

261 876 386 935 testatur
408 871 525 935 dicens:
542 868 575 955 ²]
597 871 720 935 Sciebat
741 874 822 935 enirn
844 873 932 936 Iesus
956 875 1159 955 cogitationes
1184 894 1296 938 eornm.

346 981 397 1048 54.
443 985 574 1058 Quorum
596 1001 657 1047 non
684 986 794 1066 poterit
823 986 893 1049 satis
922 1005 1045 1049 movere
1075 988 1194 1070 opinio,
1225 990 1252 1052 si
1273 988 1351 1054 laete

261 1117 364 1162 eornm
394 1097 626 1160 consideremus.
668 1097 779 1160 Nolunt
808 1115 897 1179 supra
925 1117 960 1162 se
987 1115 1054 1162 esse
1086 1098 1231 1180 iudicem,
1262 1121 1351 1184 mem

260 1211 331 1274 nihil
353 1211 449 1287 fallat3
484 1211 586 1273 nolunt
608 1211 636 1272 ei
659 1209 731 1272 dare
753 1211 935 1276 occultorum
957 1213 1124 1293 scientiam,
1147 1217 1198 1296 qui
1220 1223 1351 1279 metuunt

262 1325 378 1388 occulta
401 1343 453 1388 sua
484 1324 579 1405 prodi.
626 1323 685 1388 Sed
715 1325 802 1386 etiam
830 1325 966 1387 dominus
996 1325 1095 1387 sciens
1125 1345 1217 1410 opera
1246 1348 1351 1395 eornm

260 1439 377 1504 tradidit
411 1457 465 1504 eos
498 1441 528 1502 in
558 1428 707 1502 tenebras.
753 1436 790 1498 In
820 1447 925 1516 nocte,
958 1439 1065 1520 inquit,
1082 1435 1114 1523 3)
1148 1442 1209 1504 erit
1235 1441 1291 1520 far
1320 1451 1351 1506 et

261 1555 369 1618 oculas
391 1553 527 1616 adulteri
548 1551 690 1614 servabit
712 1552 870 1628 tenebras,
895 1553 1021 1614 diceres:
1043 1552 1114 1616 Non
1138 1555 1350 1618 considerabit

258 1686 304 1729 rne
338 1668 465 1740 ocnlns,·
512 1673 542 1727 et
574 1665 736 1727 latibnlnm
771 1686 928 1746 personae
957 1667 1066 1747 poenit
1105 1686 1191 1731 snae.
1246 1669 1348 1734 Omnis

259 1781 353 1861 enim,
385 1783 436 1862 qui
457 1780 552 1842 lucem
575 1779 666 1864 fugit,
694 1779 789 1864 diligit
811 1781 968 1859 tenebras,
1000 1779 1123 1845 studens
1145 1783 1257 1865 latere,
1280 1803 1347 1848 enm

258 1892 344 1956 deum
366 1894 459 1958 latere
482 1913 541 1957 non
563 1895 672 1975 possit,
707 1895 757 1974 qui
779 1895 855 1958 intra
886 1893 1065 1976 profundum
1097 1897 1196 1980 abyssi
1219 1897 1347 1962 et.intra

256 2009 406 2073 hominnm
428 2017 542 2073 mentes
565 2026 627 2071 non
649 2008 745 2071 solum
768 2015 907 2088 tractata,
931 2007 985 2070 sed
1009 2010 1095 2072 etiam
1117 2011 1267 2075 volvenda
1289 2031 1346 2076 co-

256 2124 383 2206 gnoscit.
429 2125 565 2206 Denique
588 2131 617 2186 et
639 2124 704 2204 ille,
740 2125 790 2205 qui
813 2123 881 2186 dicit
903 2125 932 2186 in
955 2123 1185 2188 Ecclesiastico:
1201 2122 1234 2210 ⁴)
1270 2125 1345 2202 Quis

256 2239 342 2300 abdet
367 2239 438 2300 rne?
483 2239 525 2300 Et
551 2239 694 2302 tenebrae
727 2240 909 2320 cooperiant
937 2259 982 2301 me
1011 2247 1040 2302 et
1065 2241 1227 2320 parietes,·
1259 2259 1346 2322 qoem

256 2355 391 2416 cereor?
422 2356 555 2434 parntis
577 2357 607 2417 in
630 2355 706 2418 lecto
730 2373 785 2420 sua
809 2357 921 2438 positus
953 2357 1028 2419 haee
1056 2357 1183 2438 cogitet,
1213 2354 1262 2416 ubi
1284 2371 1345 2416 non

256 2469 418 2547 putaverit,
441 2469 700 2549 conprehenditur.
745 2470 787 2532 Et
808 2471 884 2545 erit,
908 2471 1019 2551 inquit,
1036 2466 1067 2551 ⁵)
1090 2470 1242 2544 dedecus,
1264 2467 1348 2549 qaod

256 2599 320 2644 non
343 2580 532 2644 intellenerit
558 2585 696 2648 timorem
717 2583 775 2644 dei.

342 2693 393 2761 55.
437 2695 513 2770 Quid
536 2702 632 2758 autem
655 2701 713 2758 tam
734 2693 881 2772 stolidum,
905 2711 991 2774 quam
1013 2700 1127 2774 putare,
1154 2691 1235 2772 quod
1258 2691 1344 2754 deum

256 2806 413 2889 quidquam
435 2812 620 2892 praetereat,
643 2826 709 2870 cnm
724 2806 786 2883 sol,
809 2805 859 2884 qui
881 2803 1012 2865 minister
1034 2804 1150 2868 luminis
1170 2812 1234 2885 est,
1258 2807 1345 2870 etiam

256 2920 354 2984 abdita
382 2927 538 3004 penetret,
571 2928 601 2982 et
630 2920 660 2980 in
688 2918 874 2982 fundamenta
905 2915 1009 2980 domus
1040 2916 1090 2980 vel
1122 2925 1238 2983 secreta
1268 2937 1344 2984 con-

256 3035 350 3099 clavia
372 3036 416 3098 vis
438 3034 545 3097 caloris
563 3034 633 3096 eius
655 3032 823 3114 inrumpat?
867 3031 939 3105 Quis
962 3038 1053 3114 neget
1082 3048 1176 3095 verna
1204 3035 1344 3117 temperie

256 3149 390 3232 tepefieri
411 3147 550 3210 interiora
571 3153 725 3226 terrarum,
749 3162 822 3227 quas
837 3145 949 3230 glacies
964 3143 1086 3208 hiberna
1108 3147 1344 3212 constrinxerit?

254 3264 370 3330 Norunt
392 3281 467 3348 ergo
490 3263 629 3326 arborum
653 3262 796 3325 occultam
818 3261 878 3323 vim
900 3259 1008 3324 caloris
1032 3261 1080 3323 vel
1102 3260 1242 3346 frigoris,
1267 3261 1343 3328 adeo

255 3385 286 3444 ut
307 3378 423 3442 radices
455 3377 594 3440 arborum
615 3383 666 3440 aut
687 3382 810 3440 urantur
840 3375 974 3458 frigore,
1004 3384 1054 3439 ant
1077 3377 1140 3440 ictu
1162 3377 1236 3441 solis
1258 3378 1343 3440 vire-

254 3503 345 3558 scant.
389 3493 525 3574 Demque
547 3491 596 3558 ubi
618 3491 772 3554 elementia
794 3489 868 3556 caeli
892 3490 1042 3570 arriserit,
1074 3492 1173 3556 varios
1205 3497 1283 3554 terra
1308 3509 1342 3556 se

254 3607 350 3672 tundit
371 3608 400 3671 in
424 3606 546 3672 fructus.

339 3719 390 3786 56.
436 3718 467 3785 Si
489 3719 578 3801 igitur
600 3716 699 3782 radius
722 3720 793 3784 solis
816 3719 910 3784 tundit
931 3721 1029 3786 lumen
1052 3737 1137 3782 suum
1159 3734 1249 3800 snper
1272 3736 1341 3782 om·

253 3854 321 3900 nem
343 3841 452 3902 meram
474 3833 554 3896 etin
579 3851 631 3913 ea,
654 3853 730 3915 quae
753 3836 853 3901 clausa
876 3843 961 3916 sunt,
984 3834 1104 3914 inserit,
1127 3851 1183 3900 nec
1206 3836 1340 3902 vectibus

263 4159 264 4164 ἵ
326 4100 356 4170 1)
372 4097 431 4154 Luc.
451 4102 477 4170 5,
496 4101 538 4156 22.
609 4103 637 4170 2)
656 4102 720 4156 Ibid.
733 4102 758 4170 6,
776 4102 802 4154 8.
873 4102 1161 4174 ³)tob.2t,141eq.
1232 4105 1261 4172 4)
1279 4103 1339 4175 Gap.

256 4187 300 4255 23,
319 4188 351 4243 25
370 4206 424 4260 seq.
443 4190 509 4260 apud
529 4189 653 4246 Sebstier.
672 4191 741 4243 Tam.
760 4188 790 4243 11.
809 4208 834 4260 p.
853 4191 913 4245 457.
984 4190 1013 4260 5)
1030 4190 1093 4244 ibid.
1111 4207 1136 4247 v.
1155 4189 1196 4248 31.
