2966 4708
376 400 422 454 DE
442 396 578 455 oltricus
596 395 820 452 llllilSl'llOllUll
838 397 934 452 LIBER
955 398 997 452 lll.
1170 399 1233 466 209

140 559 243 625 alienis
266 563 386 625 timebat
408 569 438 625 et
459 562 585 626 malebat
608 563 758 641 innuptam
780 561 836 623 sibi
859 579 980 623 manere
1009 559 1115 640 liliam,
1147 576 1234 641 quam

139 682 262 758 propter
283 679 400 759 nuptias
424 679 488 740 eius
512 683 673 740 extraneos
701 675 873 757 periclitari.

228 787 279 856 97.
326 791 419 865 Quam
451 792 582 855 breviter
615 790 742 854 absolvit
774 807 877 854 omncs
911 791 1102 871 quaestiones
1133 789 1234 872 philo-

140 904 320 986 sophorum!
363 905 406 967 llli
429 904 467 968 de
490 907 568 969 vitiis
593 910 720 970 tractant
742 905 916 986 domorum,
948 904 1077 988 tegenda
1100 921 1138 966 an
1159 920 1235 986 pro-

141 1018 236 1085 denda
260 1039 276 1082 a
299 1017 455 1081 venditore
476 1018 650 1096 videantur3
684 1025 789 1082 noster
819 1037 876 1081 nec
906 1017 983 1082 filiae
1012 1020 1081 1082 vitia
1108 1018 1235 1101 celanda

141 1133 296 1194 arbitratus
320 1139 374 1194 est.
418 1131 455 1194 Et
484 1138 566 1194 certe
592 1151 653 1196 non
676 1134 742 1215 ipse
764 1131 931 1196 adfectabat
952 1139 984 1195 ut
1007 1149 1072 1194 eam
1094 1132 1235 1211 traderet,

141 1243 195 1309 sed
218 1247 388 1330 rogabatur.
430 1246 545 1320 Quanto
569 1249 671 1329 utique
694 1248 749 1310 iste
771 1245 927 1310 honestior
949 1247 988 1309 sit
1009 1247 1076 1326 illis,
1101 1247 1236 1311 dubitare

77 1349 81 1364 '
140 1376 200 1422 non
234 1377 407 1441 possumus,
439 1361 466 1423 si
496 1360 684 1424 conferamus
718 1367 829 1443 qrramo
862 1362 1062 1444 praestantior
1093 1361 1131 1426 sit
1159 1361 1236 1426 tiliae

141 1490 245 1553 causa,
269 1491 357 1556 quam
378 1475 424 1536 rei
447 1473 559 1537 venalis
581 1474 716 1556 pecunia.
773 1450 775 1454 ¹

531 1672 701 1740 CAPUT
737 1673 847 1740 XVII.

141 1821 241 1886 Quanto
265 1819 404 1874 honestatis
430 1821 514 1875 studio
541 1822 636 1890 antiqui
662 1829 747 1889 patres
772 1824 797 1874 in
822 1823 994 1891 captivitatem
1020 1821 1110 1876 abituri
1137 1839 1236 1876 sacrum

552 1909 639 1977 ignem
658 1907 824 1960 occuluerint.

227 2041 278 2109 98.
325 2040 554 2107 Consideremus
588 2040 686 2120 aliud,
724 2041 805 2123 quod
843 2043 874 2104 in
914 2043 1081 2124 captivitate
1118 2051 1236 2126 gestum

141 2175 285 2221 summum
307 2159 400 2220 tenuit
423 2158 586 2221 honestatis
609 2154 758 2220 decorem.
801 2157 893 2221 Nullis
917 2157 994 2220 enirn
1017 2159 1151 2221 adversis
1175 2159 1236 2221 ho-

143 2277 246 2333 nestas
268 2270 425 2352 inpeditur,
449 2289 526 2352 quae
549 2271 579 2333 in
601 2270 647 2333 bis
671 2271 779 2333 eminet
802 2277 833 2334 et
853 2271 947 2354 magis
963 2272 1124 2353 praecellit,
1147 2291 1235 2354 quam

144 2384 174 2445 in
196 2385 357 2466 prosperis.
402 2384 481 2446 lnter
503 2383 619 2446 vincula
642 2384 759 2464 itaque,
782 2385 859 2446 inter
882 2402 980 2464 arma,
1003 2383 1142 2465 flammas,
1165 2403 1235 2448 ser-

144 2498 274 2578 vitutem,
299 2517 376 2580 quae
398 2498 498 2561 liberis
522 2499 601 2560 omni
624 2499 768 2581 supplicio
791 2499 914 2582 gravior
937 2506 1001 2578 est,
1022 2500 1100 2560 inter
1120 2517 1236 2582 poenas

142 2613 347 2692 morientium,
370 2612 485 2676 excidia
507 2613 637 2695 patriae,
665 2615 803 2676 vivorum
826 2613 1030 2694 formidinem,
1059 2623 1237 2698 perempto-

143 2745 207 2789 rum
234 2728 410 2811 senguinem
432 2745 493 2790 non
516 2726 627 2790 excidit
649 2735 746 2793 tamen
776 2747 848 2791 cura
879 2728 1043 2793 honestatis
1074 2730 1234 2794 maioribus

143 2841 272 2919 nostris,
305 2839 360 2904 sed
383 2841 459 2903 inter
482 2857 608 2904 eversae
631 2842 743 2924 patriae
764 2843 882 2905 cineres
905 2847 935 2907 et
957 2839 1072 2904 favillas
1099 2839 1130 2905 in
1156 2839 1235 2904 aile-

144 2951 237 3013 ctibus
259 2951 314 3033 piis
336 2951 521 3036 resplenduit
543 2960 574 3016 et
592 2951 716 3016 refulsit

233 3060 283 3129 99.
327 3065 401 3129 Nam
423 3086 489 3130 cum
511 3068 542 3128 in
564 3067 714 3131 Persidem
737 3066 918 3133 ducerentur
945 3075 1045 3150 patres
1074 3069 1184 3148 nostri,
1206 3067 1235 3154 ¹)

144 3179 195 3260 qui
217 3186 288 3243 tunc
310 3179 358 3244 dei
382 3184 591 3264 omnipotentis
614 3182 743 3246 cultores
767 3189 866 3262 erant,
899 3190 1051 3264 acceptum
1073 3185 1173 3266 ignem
1197 3183 1235 3246 de

144 3292 227 3356 altari
256 3293 431 3358 sacerdotes
461 3294 571 3357 domini
601 3295 716 3358 occulte
739 3297 769 3356 in
793 3295 869 3358 valle
892 3293 1119 3358 absconderunt.
1164 3297 1235 3359 Erat

143 3407 203 3470 illic
223 3408 306 3471 velut
327 3413 432 3491 patens
454 3416 572 3491 puteus,
596 3427 691 3490 aquae
713 3425 838 3472 secessu
856 3406 1039 3488 infrequens,
1063 3426 1119 3472 nec
1133 3427 1234 3492 popu-

144 3520 197 3584 lari
220 3522 287 3586 usui
308 3530 430 3604 patens,
462 3522 565 3604 ignoto
590 3527 620 3583 et
642 3521 677 3584 ah
701 3520 818 3584 arbitris
847 3527 963 3584 remoto
993 3520 1082 3585 loco:
1112 3523 1152 3584 ibi
1175 3523 1234 3586 ob-

144 3635 341 3718 signaverunt
362 3633 470 3698 indicio
494 3651 581 3698 sacro
604 3635 716 3715 pariter
738 3651 773 3696 ac
793 3632 909 3697 silentio
925 3634 1025 3716 ignem
1040 3634 1233 3699 reconditum.

144 3744 212 3809 Non
241 3749 297 3814 illis
326 3749 424 3813 studio
455 3749 509 3814 fuit
538 3767 641 3813 aurum
664 3749 827 3829 defodere,
860 3757 1016 3833 argentum
1039 3749 1233 3831 abscondere,

146 3860 224 3941 quod
241 3870 402 3927 servarent
421 3863 551 3949 posteris
574 3865 652 3940 suis3
674 3863 729 3926 sed
750 3863 828 3925 inter
851 3869 984 3926 extrema
1002 3881 1056 3926 sua
1071 3863 1233 3928 honestatis

145 3989 245 4038 curam
267 3975 419 4068 hahentes,
441 3995 558 4044 sacrum
580 3977 681 4060 ignem
703 3974 881 4039 servandum
904 3983 1090 4058 putavemnt,
1112 3995 1151 4041 ne
1166 3994 1234 4041 eum

215 4217 243 4284 1)
262 4217 287 4272 2.
300 4216 412 4272 Macccb.
431 4218 457 4286 1,
477 4218 510 4272 19
528 4225 599 4290 reqqi
632 4217 634 4224 ’
685 4251 688 4258 ·
1017 4249 1033 4264 .,

195 4318 355 4371 Androneo.
986 4318 1027 4385 14
