2966 4708
595 365 626 419 m
647 365 821 422 rmmmurr.
1191 385 1254 447 245

160 516 220 569 voe.
241 522 335 573 eomite
358 533 390 570 ex
409 536 474 574 oorr.
493 524 560 575 inter
577 535 665 576 remor
684 525 761 579 babet
778 525 811 578 D.
848 527 965 582 Proxime
989 535 1146 591 erireooirrr
1163 535 1208 591 AG
1228 547 1255 592 et

159 603 199 655 ed.
217 603 292 670 died,
311 611 481 663 erieeooieue
499 607 549 662 EF.
587 613 611 663 8.
631 617 713 668 dooee
731 617 800 669 duee
817 614 898 684 (vulg.
916 619 1000 674 ὅπου
1016 621 1097 688 emer]
1116 625 1204 693 recepi
1222 641 1254 678 ex

159 690 233 742 redd.
247 690 356 778 *W
374 701 399 744 et
417 695 458 747 ed.
473 695 537 750 Med.
568 697 605 750 lte
625 717 664 767 pr.
683 700 816 770 legebatur
834 704 910 756 etiem
928 707 954 756 io
968 704 998 771 Β,
1016 709 1059 760 ubi
1077 712 1160 765 duero
1177 720 1253 779 port-

158 776 207 826 boc
225 793 325 830 ererum
342 789 390 832 eet.
436 781 460 834 9.
481 777 614 840 adoereur
632 787 714 856 (vulg.
733 793 887 855 adeersum)
903 810 1007 861 pouooe
1026 793 1171 848 obtulerunt
1187 795 1255 849 Atto

159 870 186 912 et
203 863 245 914 ed.
258 863 325 918 diod.
362 869 419 920 idox
438 871 571 927 mireooio
590 871 642 939 cit,
662 879 813 930 orieeonieo
829 873 858 930 F.
894 877 935 930 11.
954 890 1108 950 prostratur
1125 887 1253 940 eoeerdoe
1278 913 1281 921 ·

158 966 189 1018 Α.
234 969 275 1020 12.
300 973 329 1024 in
349 941 425 978 ’Μ
443 984 558 1045 teorpore
581 977 682 1042 [eodem
705 995 719 1030 e
740 995 759 1031 r.
780 996 811 1031 m.
829 995 904 1049 rupre
923 981 1021 1047 eddito)
1041 983 1077 1049 Β,
1103 991 1152 1042 red
1174 1007 1254 1056 quum

158 1056 221 1116 (om.
239 1059 268 1109 irt
287 1059 412 1128 tempore)
431 1062 472 1113 ed.
493 1060 562 1117 cort
598 1063 659 1120 Tum
684 1071 790 1121 reversi
814 1067 942 1122 erem'tB
968 1070 1109 1140 eademque
1131 1075 1172 1126 ed.
1211 1075 1253 1128 13.

157 1143 201 1193 dir
220 1156 267 1208 pro
285 1146 323 1196 iie
342 1145 422 1210 (coni.
440 1147 472 1198 ed
491 1151 516 1216 ς.
539 1151 561 1216 1,
581 1151 636 1218 12.)
656 1152 732 1204 codd.
751 1167 848 1206 omnes.
880 1152 937 1206 Mox
957 1159 1083 1212 deetirreri
1098 1165 1206 1230 {iteraret
1223 1162 1252 1216 6.

157 1226 182 1276 4.
203 1226 236 1279 eb
255 1238 318 1281 extr.
337 1225 532 1302 triumphabant
549 1251 599 1288 om.
620 1235 648 1288 0.
686 1237 734 1290 Pro
758 1243 923 1310 reliquerunt
946 1242 973 1293 io
991 1242 1013 1296 F
1030 1251 1070 1296 ert
1086 1249 1253 1304 dimiserunt.

157 1315 182 1365 3.
202 1313 233 1365 eb
252 1324 315 1368 extr.
336 1319 431 1370 omisso
449 1319 531 1372 verbo
547 1325 614 1377 vidit
632 1322 653 1376 G
669 1332 728 1391 poet
745 1342 832 1379 eomer
851 1325 956 1378 exhibet
977 1333 1088 1386 audivit.
1124 1331 1146 1384 Ε
1165 1336 1255 1390 reribit

156 1403 272 1454 etitieim.
309 1401 375 1456 Dein
399 1417 487 1460 motor
510 1411 562 1462 ivit
585 1414 745 1480 eatiefaeere
763 1417 897 1467 secerdoti
913 1412 942 1467 Β.
978 1415 1037 1468 Post
1055 1421 1174 1473 illumin
1193 1421 1213 1474 B
1231 1439 1252 1475 r.

157 1503 189 1538 m.
208 1504 283 1556 rupre
302 1491 419 1558 edporur't
436 1497 560 1550 redderet.
591 1496 640 1550 tttr.
660 1501 766 1552 odietur
782 1499 812 1551 Α.
844 1498 902 1550 biox
920 1503 1030 1568 dimisit,
1049 1505 1117 1573 quod
1137 1521 1188 1558 om.
1201 1506 1253 1574 Bc,

157 1575 330 1629 interrorem
348 1578 427 1631 hebet
444 1581 481 1646 Α,
499 1587 618 1639 restituit
633 1593 730 1654 ponunt
748 1585 823 1637 ΒΒΒ.
860 1586 922 1638 Tum
942 1592 1004 1658 quia
1021 1607 1037 1643 e
1056 1602 1252 1662 praemonitum

156 1663 181 1712 in
199 1660 229 1715 B.
264 1663 301 1715 td.
321 1665 366 1720 tib.
384 1677 444 1736 port
460 1675 686 1739 pravissimorum
704 1673 775 1725 eddtt
793 1677 904 1744 quidem.

261 1818 288 1874 Ρ.
308 1821 349 1873 19.

227 1960 251 2010 1.
268 1928 288 1964 n
305 1969 407 2028 poteret
424 1963 459 2032 (ῖῖ
476 1981 490 2016 e
509 1981 529 2017 r.
547 1983 580 2017 m.
599 1983 675 2034 eupre
694 1975 787 2034 notet.)
807 1968 840 2050 0.Ι
866 1972 928 2026 Tum
946 1937 995 1980 ’ω
1012 1977 1046 2028 ed
1057 1977 1171 2032 exitium
1184 1982 1253 2046 (misi

154 2059 188 2112 'ab
207 2074 279 2114 mm.
299 2068 438 2133 superseri
456 2072 632 2126 dirimeretur·
649 2071 684 2136 Β,
712 2046 850 2128 deetirra⁰⁸⁶
867 2074 899 2128 Δ.
936 2077 960 2128 2.
984 2095 1038 2132 rtem
1060 2084 1173 2137 multum
1191 2095 1254 2154 poet

157 2147 286 2217 ΑΒΒΕΒ,
312 2171 365 2206 oen
388 2159 469 2210 merito
491 2168 555 2227 pert
578 2155 599 2210 0
623 2158 736 2227 editique
759 2159 826 2213 libri.
861 2161 917 2214 vid.
942 2164 975 2234 ed
1000 2168 1025 2230 §.
1045 2165 1087 2219 26.
1112 2183 1138 2235 p.
1159 2169 1251 2236 14,9.

305 2220 406 2262 vidintur
419 2235 471 2265 eum

157 2251 286 2322 Deincepo
487 2263 676 2331 indutperrtiom
692 2274 891 2332 prosequentem
915 2280 930 2317 e
949 2269 1109 2336 corruptione
1129 2287 1150 2324 r.
1170 2289 1202 2327 m.
1221 2274 1251 2326 tt.

227 2362 253 2427 ς.-
272 2362 314 2414 95.
353 2362 376 2416 1.
400 2363 462 2417 Post
484 2381 547 2432 oum
568 2382 588 2418 r.
606 2383 640 2419 m.
659 2369 839 2436 superscripsit
859 2369 894 2437 gi.
911 2357 1071 2442 {perceio
1090 2371 1118 2426 Β.
1155 2374 1253 2432 ibidem

158 2464 206 2515 pree
224 2447 255 2498 ad
273 2466 333 2503 eum
351 2468 371 2503 r.
391 2467 423 2505 m.
442 2451 545 2505 rddidit.
582 2452 630 2505 Pro
649 2453 759 2507 lectione
777 2459 909 2512 Theodoto
929 2475 943 2510 rr
963 2459 1079 2514 Meurinir
1098 2471 1125 2513 et
1139 2463 1253 2520 Gilberto

156 2551 290 2604 perperam
310 2539 410 2592 inducta
430 2541 570 2606 (Theodoto
589 2539 710 2593 exhibent
728 2541 787 2594 edd.
806 2549 869 2594 vett
888 2543 1020 2598 mliorem.
1034 2547 1156 2618 etCort.)
1176 2554 1253 2608 codd.

156 2616 236 2674 noi'tti
260 2635 332 2678 reete
349 2627 462 2680 scribunt
478 2629 621 2682 Theodoro.
658 2627 716 2680 Vid.
737 2631 834 2700 vptott.
853 2629 924 2683 italie
943 2649 1008 2685 sacr.
1028 2632 1098 2687 Tem.
1116 2636 1148 2690 11.
1164 2655 1191 2707 p.
1211 2641 1252 2694 99.

156 2727 177 2763 e.
195 2711 237 2763 ed.
256 2711 330 2764 Rom.
366 2713 460 2766 Voeeb.
479 2718 582 2769 notorie
601 2717 625 2767 in
645 2714 664 2766 B
682 2715 761 2767 tribue
779 2719 880 2784 punctio
905 2717 1058 2790 insignitum.
1096 2723 1120 2774 3.
1140 2736 1202 2794 poet
1220 2745 1253 2782 ω

156 2799 190 2850 id.
209 2799 254 2853 lib.
289 2785 354 2854 Dein
374 2820 434 2856 oum
451 2821 556 2858 eamme
573 2807 661 2872 pretia
680 2803 716 2866 D;
744 2805 769 2854 in
788 2803 808 2854 F
827 2804 899 2856 deest
918 2824 986 2860 oum.
1023 2809 1048 2858 1.
1068 2814 1164 2880 tepore-r
1182 2825 1254 2868 erret

156 2899 179 2934 c.
200 2886 242 2937 ed.
259 2885 324 2939 died.
345 2889 405 2940 dent
421 2888 497 2954 ΑΒΘ,
515 2893 639 2959 ditapeur
657 2900 728 2944 erret
747 2889 829 2944 DEF.¹
856 2891 918 2943 Tum
937 2902 1043 2950 etratus
1061 2912 1099 2964 pr.
1118 2900 1149 2949 Α.
1186 2899 1210 2952 5.
1229 2910 1253 2955 et

155 2974 184 3024 in
203 2981 275 3026 terro
292 2978 390 3030 rideret
408 2976 444 3042 Β,
470 2981 577 3040 (omisso
595 2980 633 3047 et)
652 2980 711 3030 item
730 2981 760 3032 im
778 2988 851 3032 terra
868 2983 967 3034 rideret
984 2979 1046 3048 ΑΒ,
1064 2985 1093 3037 o'rr
1110 2991 1184 3039 tom
1201 3001 1252 3039 οιιι.

156 3091 186 3143 Ι).
225 3091 286 3147 Τιιιιι
309 3071 408 3152 rideom
427 3101 490 3162 (eie)
510 3099 540 3152 B.
576 3101 651 3166 Quod
669 3102 782 3170 requitur
798 3107 901 3172 foetum
919 3119 968 3158 οιιι.
986 3107 1089 3162 Amerb.
1106 3105 1206 3162 Emm.
1226 3117 1264 3161 et'

156 3179 225 3234 Coet.
260 3185 394 3239 Sacerdos
420 3185 493 3239 deert
518 3187 544 3237 irr
569 3184 597 3239 6.
644 3189 669 3240 6.
696 3190 813 3263 dir-pro
840 3191 868 3243 io
894 3204 1028 3258 perperam
1051 3190 1081 3244 F.
1125 3195 1150 3244 ’1.
1169 3198 1254 3250 deterit

155 3284 235 3322 etrum
256 3267 356 3323 Andr.

225 3376 250 3441 ς.
270 3375 312 3427 36.
348 3378 372 3429 1.
393 3377 469 3430 Vero.
487 3396 537 3448 per
553 3382 623 3434 idem
639 3391 743 3450 tempor
761 3397 811 3432 om.
825 3381 906 3446 Gom,
925 3382 1038 3434 roribenr
1056 3382 1150 3435 deinde
1163 3386 1251 3438 dir-iti-

154 3463 236 3529 piidr'e
254 3479 333 3526 oer03
360 3467 487 3535 Fritdipii
502 3464 580 3519 habet
598 3466 626 3520 G.
663 3467 688 3517 2.
709 3468 964 3535 Prrepoeitiooem·o
983 3474 1041 3520 ente
1065 3473 1176 3538 quodam
1200 3485 1252 3523 om.

155 3543 187 3597 Α.
223 3547 281 3600 Mox
303 3556 373 3619 forte
396 3551 469 3604 ebert
493 3569 507 3604 r
529 3553 603 3604 DEF.
640 3555 665 3606 3.
690 3559 804 3610 audierit
829 3554 933 3607 exhibet
950 3553 981 3608 Α.
1017 3555 1042 3608 1.
1065 3562 1254 3626 reoopooooraei'

155 3647 264 3700 veroum
282 3635 310 3690 tt.
347 3638 372 3691 5.
390 3643 536 3712 mittitque
553 3645 732 3696 Medoblormm
747 3646 903 3698 mmmmm
920 3649 1074 3710 receperunt
1090 3640 1160 3696 Gort.
1174 3643 1252 3696 diem.
1277 3701 1278 3706 .

45 3787 47 3791 .
156 3725 182 3767 et
200 3717 264 3772 Giib.
301 3723 351 3776 Sed
376 3743 469 3780 nomon
493 3732 685 3796 Mediolanum,
713 3729 781 3798 quod
804 3729 914 3799 giorum
941 3729 1058 3795 redolet,
1086 3730 1177 3782 merito
1202 3747 1252 3784 om.

156 3806 230 3857 codd.
256 3824 343 3864 omnes
367 3821 394 3866 et
417 3815 477 3868 edd.
501 3814 557 3867 reli.
594 3815 673 3868 Paulo
697 3826 756 3884 port
781 3832 828 3884 pro
851 3817 920 3872 etd
945 3831 1080 3885 perpetem
1104 3815 1192 3869 roribit
1214 3820 1268 3872 ir..

155 3890 181 4000 fa
200 3894 291 3960 ipsine
310 3914 358 3950 om.
373 3898 401 3954 0.
438 3903 516 3954 6-7.
537 3913 564 3956 et
582 3921 660 3972 prtem
679 3903 802 3955 mendose
820 3902 897 3956 hebet
914 3902 945 3969 Β,
963 3914 990 3956 ιι
1007 3907 1053 3956 itte
1065 3902 1093 3956 G.
1130 3901 1156 3954 8.
1174 3906 1254 3958 etiem

183 3972 205 4000 m

223 4007 366 4064 ammonuit
385 4002 422 4070 Β,
452 4011 598 4062 ammonuit
613 4009 673 4060 item
693 4005 728 4074 0,
753 4015 881 4062 memoret
898 4006 951 4060 ΑΒ.
987 4005 1087 4060 Verbo:
1112 4010 1173 4062 eiro
1193 4010 1252 4062 iio-

154 4092 243 4142 mmrr'e
259 4107 351 4158 parem
368 4108 487 4148 reterre.
523 4099 582 4162 Quo
601 4105 707 4165 aeoepto
724 4098 841 4166 epistota
864 4099 962 4150 molier·
985 4098 1090 4160 merit,
1116 4094 1208 4146 derum
1227 4096 1253 4146 io

155 4174 183 4228 G.
218 4176 268 4228 Pro
287 4180 348 4232 eir-o
365 4178 381 4231 1.
400 4179 418 4228 8
436 4189 462 4232 et
479 4181 495 4231 9
513 4182 578 4234 ind
603 4189 686 4234 exstet
704 4184 803 4238 odron.
837 4180 919 4234 Priori
943 4182 1004 4234 loeo
1030 4178 1050 4232 Β
1074 4187 1100 4232 et
1125 4179 1165 4233 ed.
1184 4179 1249 4232 died.
