2966 4708
375 389 421 442 DE
441 387 576 443 oltricus
594 385 817 441 HiHiSTHOHUH
834 383 930 439 LIBER
948 384 989 439 m.
1166 384 1226 452 211

140 551 332 616 Holocausta.
377 549 441 613 Hoc
463 551 534 630 igne
559 549 715 630 oportebat
737 547 911 611 sanctificari
934 545 1116 624 sacrificium,
1140 544 1230 609 ideo-

141 685 199 750 que
222 673 254 730 et
275 667 304 727 in
326 665 402 728 tilios
428 663 547 740 Aaron,
569 660 596 746 ¹)
630 664 680 742 qui
709 663 834 725 alienum
865 663 964 746 ignem
987 661 1098 725 inferre
1121 661 1231 724 votue-

141 789 227 859 runt,
257 779 349 842 exivit
370 779 476 840 iterum
500 777 577 860 ignis
600 793 617 837 a
640 775 760 839 domino
784 781 814 838 at
837 775 1020 857 consumpsit
1043 791 1110 855 eos,
1141 775 1180 837 ita
1201 780 1232 836 ut

142 896 249 960 mortui
274 901 359 956 extra
382 899 480 954 eastra
503 889 719 973 proicerentur.

233 1004 302 1071 102.
340 1006 471 1070 Veniens
495 1012 592 1068 autem
608 1005 772 1068 Hieremias
788 1005 817 1067 in
833 1005 929 1068 iocum
942 1001 974 1087 ²)
990 1005 1102 1067 invenit
1118 1003 1235 1067 domum

143 1125 173 1186 in
197 1123 314 1185 modum
337 1121 499 1203 speluncae
522 1125 552 1181 et
573 1119 794 1182 tabernaculum
819 1125 847 1181 et
877 1137 975 1202 arcam
1004 1125 1033 1181 et
1062 1118 1153 1181 altare
1185 1120 1235 1180 in-

145 1237 228 1300 censi
249 1235 343 1300 intulit
366 1235 434 1297 illuc
457 1241 487 1296 et
511 1234 661 1297 obstruxit
683 1235 805 1297 ostium:
829 1232 910 1315 quod
934 1252 999 1296 cum
1021 1234 1060 1312 bi,
1083 1233 1132 1314 qui
1151 1230 1236 1296 simul

144 1356 306 1429 venerant,
340 1349 485 1412 curiosius
514 1355 788 1430 perscrutarentur,
819 1355 851 1411 ut
882 1354 1018 1410 notarent
1046 1346 1101 1410 sibi
1129 1347 1235 1425 locum,

145 1483 331 1546 nequaquam
355 1462 602 1543 conprehendere
625 1468 712 1544 atque
728 1463 863 1526 invenire
878 1469 1048 1545 potuerunt.
1086 1461 1122 1523 Ui
1140 1469 1236 1524 autem

147 1579 289 1662 cognovit
316 1577 479 1640 Hieremias
510 1576 590 1658 quod
620 1577 867 1655 adfectavissent,
900 1576 989 1638 dixit:
1021 1577 1149 1657 ignotos
1180 1575 1241 1638 erit

34 1705 36 1709 ‘
148 1694 253 1770 docus,
282 1692 381 1754 donec
404 1698 569 1771 congreget
590 1691 667 1753 deus
685 1690 958 1784 pangragutioncm
976 1690 1087 1772 populi
1110 1697 1140 1750 ct
1158 1708 1238 1769 pro-

143 1809 244 1891 pitius
263 1807 328 1886 fiat.
377 1806 462 1867 Touo
484 1807 627 1869 dominus
649 1807 788 1868 ostendet
809 1807 903 1884 buco,
935 1814 964 1867 at
987 1801 1152 1883 adparebat
1172 1821 1238 1864 ma·

148 1924 245 1984 tostos
268 1920 394 1983 domini.

532 2117 701 2185 CAPUT
733 2115 858 2183 XVIH.

153 2283 296 2352 Superioris
316 2291 438 2348 eventus,
463 2299 492 2333 ac
516 2284 671 2350 potissimum
696 2283 775 2334 oblati
798 2281 937 2334 aNeemia
961 2283 1076 2334 sacrificii
1101 2281 1241 2334 narratione

92 2367 96 2376 ’
155 2372 269 2439 spiritum
287 2379 400 2421 sanctum
419 2367 666 2438 Christianorumque
685 2371 807 2438 baptisma
827 2369 975 2437 significari:
1002 2378 1028 2421 ct
1051 2369 1142 2422 eodem
1167 2370 1242 2420 ctiam

276 2457 370 2526 Moysis
389 2465 415 2520 et
433 2456 523 2510 Heliae
542 2457 692 2510 sacrificium
711 2467 786 2526 atque
804 2457 932 2512 historiam
951 2457 1007 2510 Noa
1026 2457 1125 2511 caiani.

246 2597 315 2664 103.
366 2598 637 2685 Congregationem
676 2601 776 2683 populi
813 2608 963 2682 tenemus,
1006 2601 1243 2684 propitiationem

156 2713 267 2777 domini
289 2713 338 2778 dai
360 2717 454 2778 nostri
476 2716 682 2799 agnoscimus,
713 2735 801 2799 quam
823 2717 997 2799 propitiator
1025 2717 1055 2779 in
1085 2734 1137 2780 sua
1166 2733 1244 2796 ope-

155 2834 238 2891 ratus
262 2835 306 2890 est
328 2831 476 2912 passione.
525 2828 664 2892 Arbitror
686 2829 766 2911 quod
789 2848 845 2892 nec
867 2830 965 2912 ignem
988 2829 1074 2892 istum
1096 2829 1244 2912 possimus

155 2939 313 3022 ignorare,
336 2957 401 3002 cum
424 2940 599 3025 legerimus,
624 2939 690 3021 quia
714 2942 841 3023 baptizat
864 2939 998 3006 dominus
1021 2942 1104 3006 Iesus
1126 2943 1157 3004 in
1179 2943 1245 3024 spi-

156 3053 213 3114 ritu
236 3058 338 3116 sancto
363 3059 393 3114 et
414 3053 491 3136 igni,
521 3053 598 3114 siout
620 3053 650 3113 iu
673 3053 829 3135 evangelio
853 3052 927 3115 dixit
948 3054 1083 3117 loannes.
1101 3051 1132 3138 ³)
1177 3051 1245 3116 Hc-

156 3165 213 3228 rito
238 3166 467 3228 consumebatur
489 3147 672 3243 sacrificium,
696 3167 834 3246 quoniam
855 3185 911 3250 pro
934 3175 1057 3249 peccato
1082 3173 1154 3231 erat.
1194 3165 1246 3230 Hle

157 3285 253 3343 autem
283 3279 361 3360 ignis
391 3287 478 3362 typus
509 3280 626 3360 spiritus
655 3281 749 3342 sancti
779 3279 848 3358 tuit,
880 3281 930 3360 qui
958 3279 1158 3343 descensurus
1182 3287 1246 3342 erat

157 3397 225 3470 post
248 3389 357 3454 domini
380 3393 586 3454 ascensionem
608 3397 637 3454 at
657 3392 837 3456 remissurus
865 3400 987 3472 peccata
1018 3394 1164 3470 omnium,
1196 3393 1246 3474 qui

157 3504 242 3584 quasi
275 3505 352 3586 ignis
384 3483 543 3567 inflammat
566 3505 700 3566 animum
725 3521 760 3566 ao
782 3509 907 3567 mentem
929 3503 1055 3566 fidelem.
1101 3493 1184 3566 Unde
1206 3505 1247 3565 ait

157 3617 320 3680 Hieremias
343 3623 466 3699 accepto
490 3617 609 3698 spiritu:
626 3612 658 3700 ⁴)
682 3617 723 3678 Et
740 3616 858 3695 sactum
880 3624 928 3679 ast
948 3617 982 3680 in
1006 3617 1101 3680 eorde
1123 3635 1189 3679 meo
1212 3623 1248 3678 ut

159 3728 241 3808 ignia
271 3731 405 3808 ordene,
438 3727 666 3810 flammigerans
693 3731 726 3790 in
753 3729 876 3792 ossibus
899 3730 992 3808 meis,
1024 3737 1054 3792 ct
1075 3731 1246 3792 dissolutus

159 3861 226 3905 mm
247 3845 401 3927 undique,
433 3853 464 3908 et
489 3845 575 3924 sarra
603 3863 667 3908 nora
692 3863 825 3925 possum.
869 3845 929 3910 Sed
957 3845 1045 3908 etiam
1072 3845 1102 3906 in
1134 3843 1245 3906 actibus

233 4111 260 4179 1)
277 4111 355 4165 Lavit.
375 4112 416 4178 ro,
435 4111 459 4167 t.
495 4113 524 4180 2)
545 4115 569 4166 2.
582 4111 693 4166 Haccab.
713 4112 740 4179 2,
758 4113 774 4166 5
791 4129 865 4184 seqq.
907 4113 936 4180 3)
955 4115 982 4180 1,
1000 4113 1041 4167 33.-
1086 4116 1115 4182 4)
1134 4111 1245 4167 Hieram.

159 4199 204 4270 20,
221 4200 246 4256 9.
1154 4227 1156 4232 ·

966 4298 1040 4368 w
