2976 4706
227 340 290 407 194
669 333 870 393 s.ruonosu

226 494 437 566 terrm'lesse
469 495 586 576 utilem,
618 495 790 562 indecorum
824 497 964 580 potabunt
997 497 1107 564 cedere
1138 499 1319 582 notionibus,

225 611 349 696 lepideri
370 609 468 693 potius
491 602 670 691 elegebant,
693 606 774 688 quod
796 607 960 671 minabatur
983 607 1128 692 populus,
1150 623 1238 687 quom
1260 609 1318 672 de-

225 722 335 788 cedere
359 722 398 785 de
421 721 586 784 honestate.
631 719 848 784 Dissuadeltont
869 719 928 798 ulii,
949 718 1035 800 plebs
1057 719 1245 802 reclamabat,
1268 721 1317 784 di-

225 855 297 902 cens
320 836 464 900 adversus
487 835 567 898 diras
590 840 622 896 et
644 849 767 915 asperas
790 840 897 916 gentes
920 832 1029 896 bellum
1052 831 1129 913 lore,
1152 831 1317 897 cedendum

160 951 161 954 ’
223 952 280 1014 sibi
303 952 333 1014 in
355 950 483 1032 proelio,
505 947 646 1010 mulieres
667 963 737 1010 sous
761 951 791 1008 et
810 964 922 1030 pueros
945 945 1104 1028 direptioni
1125 946 1251 1010 loturos.

226 1109 228 1116 -
311 1061 363 1128 55.
406 1061 527 1126 Exarsit
549 1061 659 1126 domiui
681 1059 856 1144 indignatio,
877 1066 910 1122 ut
932 1075 1036 1123 omnes
1059 1059 1149 1123 vellet
1170 1059 1319 1142 perdere;

223 1179 278 1244 sed
307 1181 434 1261 rogante
456 1175 564 1260 Moyse
594 1175 770 1257 temperavit
797 1174 990 1253 sententiam,
1022 1174 1165 1239 ultionem
1196 1172 1316 1253 distulit,

223 1293 294 1357 setis
324 1309 395 1355 esse
423 1288 544 1371 perfidis
573 1289 710 1372 supplicii
738 1287 888 1368 iudicans,
922 1294 953 1352 et
975 1289 1001 1352 si
1022 1293 1160 1370 parceret
1188 1287 1316 1368 interim,

224 1421 282 1468 nec
300 1407 472 1486 percuteret
492 1401 676 1479 incredulos3
699 1401 737 1465 od
760 1419 826 1466 eam
848 1407 943 1464 temen
966 1407 1092 1480 terram,
1116 1419 1202 1481 quern
1223 1418 1317 1464 reeu-

223 1522 378 1596 severent,
407 1521 530 1598 propter
552 1515 764 1579 incredulitetis
787 1532 860 1580 suec
881 1515 1009 1597 pretium
1030 1532 1091 1577 non
1113 1515 1316 1596 pervenirent,

223 1628 278 1694 sed
299 1627 385 1711 puori
407 1633 437 1690 et
458 1625 616 1706 mulieres,
650 1625 700 1707 qui
728 1643 789 1689 oon
821 1626 1126 1706 immurmuraverant,
1159 1627 1209 1690 vel
1238 1643 1317 1690 sexu

223 1744 272 1808 vel
294 1747 390 1807 octale
412 1739 591 1819 veniabiles,
622 1747 765 1822 caperent
787 1741 852 1804 eius
874 1747 972 1804 terroe
994 1741 1168 1822 promissam
1191 1740 1316 1806 heredi-

223 1860 320 1919 tatem.
364 1851 500 1933 Denique
522 1851 700 1932 quicumque
723 1857 808 1914 erent
822 1870 838 1914 a
853 1851 996 1916 vicesimo
1019 1870 1098 1918 enno
1121 1860 1152 1917 et
1173 1871 1262 1936 supro
1284 1854 1315 1918 in

223 1968 363 2048 deserto,
385 1984 488 2030 eorum
512 1965 642 2030 membre
663 1965 852 2044 ceciderunt3
883 1966 939 2030 sed
961 1967 1085 2031 aliorum
1108 1967 1197 2030 dileto
1215 1985 1316 2051 poeno

223 2088 278 2146 est
319 2082 376 2156 Qui
398 2086 495 2144 eutem
517 2079 718 2144 escenderunt
740 2099 807 2144 cum
827 2080 896 2144 lesu
919 2086 950 2146 et
971 2079 1201 2145 dissuadendum
1224 2087 1315 2163 puta-

222 2202 349 2276 verunt,
383 2195 472 2278 plage
493 2195 569 2258 mele
599 2195 695 2259 stetim
717 2194 825 2272 mortui
847 2200 915 2260 sunt
922 2215 932 2271 3
965 2193 1049 2258 lesus
1071 2213 1147 2258 vero
1171 2201 1201 2260 et
1224 2194 1313 2259 celeb

222 2326 288 2372 cum
311 2307 434 2371 innoxia
456 2311 551 2372 oetate
574 2308 624 2370 vel
646 2325 721 2372 sexu
746 2310 776 2372 in
799 2314 909 2372 terram
931 2308 1137 2391 promissionis
1159 2309 1314 2372 intrarunt.

307 2419 359 2486 56.
402 2419 473 2484 Pars
496 2419 586 2504 igitur
607 2421 715 2486 melior
735 2423 862 2506 gloriam
884 2422 971 2485 saluti
992 2421 1146 2504 praetulit,
1181 2422 1314 2486 deterior

221 2535 349 2599 sulutem
373 2533 529 2598 honestati
573 2535 680 2599 Divina
706 2543 805 2600 eutem
831 2536 979 2600 sententie
1007 2554 1061 2599 eos
1086 2535 1232 2617 probavit,
1262 2537 1314 2619 qui

185 2673 192 2688 ³
221 2649 348 2712 honeste
363 2645 483 2709 utilibus
498 2654 651 2728 praestare
666 2649 880 2713 arbitrabantur
887 2669 897 2725 3
920 2666 974 2713 eos
996 2665 1072 2712 uero
1095 2648 1315 2730 condemnavit,

221 2761 299 2844 apud
321 2776 397 2840 quos
419 2778 472 2839 ea,
504 2777 581 2840 quoe
603 2759 779 2824 videbantur
801 2759 885 2824 soluti
908 2761 1025 2842 potius,
1056 2779 1143 2842 quam
1164 2762 1312 2828 honestati

222 2869 430 2950 adcommoda,
451 2869 736 2952 praeponderabant.

634 3051 804 3120 CAPUT
838 3053 899 3120 IX.

220 3201 334 3255 Froudes
352 3209 378 3254 et
395 3204 479 3272 turpia
497 3202 566 3254 lucra
590 3198 697 3253 menime
721 3201 849 3254 dedecere
876 3201 1001 3268 clericos,
1028 3218 1134 3272 quorum
1154 3211 1193 3256 est
1210 3201 1310 3257 utilitati

220 3289 331 3342 omnium
349 3289 484 3352 inservire3
513 3288 570 3342 illos
587 3290 613 3341 in
631 3289 713 3340 causis
734 3289 888 3355 pecuniariis
907 3290 1063 3342 intervenire
1085 3305 1242 3360 nequaquam
1260 3293 1310 3344 de-

219 3374 293 3442 here,
311 3389 386 3428 secus
403 3391 467 3428 vero
485 3376 511 3428 iu
529 3374 688 3445 capitalibus.
723 3373 836 3441 Eisdem,
855 3389 889 3426 ne
907 3376 947 3426 oui
966 3377 1042 3428 etiem
1059 3375 1171 3428 lacessiti
1190 3385 1309 3445 noceant,

221 3459 362 3531 exemplum
379 3462 477 3531 David,
495 3478 546 3515 neu
564 3471 648 3515 eutem
666 3465 742 3514 uitem
763 3463 887 3516 honestati
905 3462 1062 3532 praeferant,
1080 3463 1173 3516 caedes
1190 3462 1308 3518 Nabuthc

683 3553 842 3621 proponitur.

304 3682 355 3748 57.
398 3683 477 3747 Nihil
499 3685 598 3767 ileque
621 3684 793 3766 deformius,
816 3703 904 3769 quem
918 3685 1028 3749 nullum
1043 3685 1155 3748 habere
1177 3705 1309 3750 emerem

219 3797 381 3863 honestetis
404 3803 434 3860 et
454 3817 511 3862 usu
533 3801 661 3881 quodem
684 3798 843 3884 degeneris
865 3805 1050 3862 mercaturae
1073 3807 1199 3878 quaestu
1221 3799 1309 3864 solli-

220 3911 303 3974 citori
325 3909 458 3993 ignobili,
480 3929 571 3974 avaro
595 3916 733 3975 aestuare
755 3909 857 3990 corde,
884 3910 989 3974 diebus
1010 3927 1046 3972 ac
1068 3911 1204 3974 noctibus
1226 3911 1309 3974 hiare

219 4024 249 4086 in
272 4023 362 4087 alieni
385 4023 590 4087 detrimentum
613 4026 798 4107 patrimonii,
831 4043 891 4088 non
914 4023 1016 4086 levore
1038 4025 1165 4086 animum
1186 4023 1225 4088 od
1247 4024 1308 4087 ho·
1357 4015 1364 4024 “

218 4138 342 4200 nestatis
364 4137 506 4216 nitorem,
529 4156 589 4201 non
613 4137 804 4204 considerare
826 4154 918 4202 verae
934 4134 1028 4200 laudis
1051 4137 1306 4220 pulchritudinem.
