2976 4702
217 323 281 390 172
665 323 690 378 S.
710 321 865 378 nnssaostt

216 481 370 547 Heliodori
392 482 512 566 quidem
533 484 681 568 rogabunt
702 484 818 563 oniam,
841 492 873 549 ut
895 483 985 550 vitam
1006 493 1148 567 posceret
1170 486 1209 568 ei,
1234 505 1315 570 quo-

217 597 294 658 niam
317 614 489 678 supremum
510 599 636 680 gerebat
658 599 801 680 spiritum.

307 707 378 783 tte.
433 710 571 794 Rogante
602 713 703 792 itaque
734 710 895 774 sacerdote
928 727 1044 776 summo
1077 711 1156 776 idem
1189 713 1316 777 iuvenes

216 822 323 886 iterum
342 822 506 888 Heliodoro
529 823 747 907 adparuerunt,
777 825 871 888 isdem
894 825 992 888 arnicti
1014 825 1149 890 restibus
1172 834 1203 891 et
1225 826 1317 890 dixe-

217 941 287 998 runt
308 934 345 999 ad
369 953 453 1000 eum:
487 937 583 1029 Oniuc
613 956 729 1002 summo
759 938 909 1003 sacerdoti
940 939 1052 1022 gratias
1083 954 1161 1023 age,
1194 945 1318 1023 propter

217 1067 306 1130 quem
336 1049 387 1113 tibi
411 1051 474 1113 vita
495 1055 542 1113 est
563 1049 688 1115 reddita.
731 1052 776 1114 l'u
806 1059 913 1116 autem
935 1059 1077 1134 expertus
1109 1052 1159 1116 dci
1187 1053 1317 1136 llagella,

218 1160 296 1224 vade
318 1170 349 1224 et
369 1163 471 1226 nuntia
493 1163 551 1226 tuis
574 1164 725 1243 omnibus,
748 1170 887 1245 quantem
910 1166 1094 1248 cognoveris
1116 1165 1218 1247 templi
1240 1165 1317 1228 reli-

217 1275 340 1358 gionem
359 1280 389 1338 ct
405 1275 454 1340 dei
469 1279 656 1357 potestatem.
693 1275 746 1338 llis
761 1275 847 1338 dictis
863 1293 924 1340 non
940 1283 1171 1357 conparuemnt.
1209 1275 1319 1340 Helio-

218 1386 313 1451 dorus
341 1389 441 1468 itaque
470 1394 595 1470 recepto
625 1389 731 1470 spiritu
760 1388 886 1453 hostiam
918 1386 1037 1454 domino
1068 1389 1190 1473 optulit,
1223 1388 1319 1452 Ouiae

219 1498 370 1564 sacerdoti
401 1499 513 1584 gratim
543 1501 606 1584 egit
632 1506 664 1564 et
693 1517 761 1564 cunr
791 1500 927 1566 exercitu
954 1499 992 1564 ad
1022 1519 1128 1584 regem
1155 1501 1320 1566 revertitur

220 1613 342 1679 dicensr
366 1613 397 1680 Si
419 1632 509 1696 quern
530 1613 624 1678 habes
646 1614 763 1680 hostem
787 1621 837 1678 aut
858 1613 1063 1679 insidiatorem
1077 1631 1179 1677 rerum
1194 1618 1319 1693 tuarum,

219 1727 291 1792 illuc
312 1746 380 1791 earn
403 1726 502 1810 dirige
525 1729 555 1788 el
577 1725 759 1808 flagellatum
781 1726 912 1807 recipies
935 1743 1013 1788 cum

310 1837 380 1905 149.
425 1837 578 1906 Servanda
601 1845 647 1902 est
670 1837 769 1922 igitur,
791 1839 852 1918 lilii,
874 1837 1018 1920 depositis
1041 1835 1126 1917 tides,
1153 1833 1321 1900 adhihenda

215 1951 382 2036 diligentia.
437 1952 571 2036 Egregie
604 1952 673 2014 hinc
706 1957 838 2015 vestram
872 1949 1009 2012 enitescit
1045 1949 1257 2027 ministerium,
1293 1947 1320 2011 si

220 2073 360 2148 suscepta
381 2066 531 2149 impressio
553 2064 701 2148 potentis,
725 2083 813 2146 quam
834 2063 883 2127 vel
905 2062 996 2126 vidua
1018 2063 1068 2127 vel
1090 2061 1216 2144 orphani
1238 2060 1321 2126 tale-

140 2176 142 2180 ’
222 2197 291 2243 rare
313 2196 375 2256 nen
397 2186 525 2261 queant,
554 2163 702 2244 ecclesiae
724 2178 859 2242 subsidio
883 2177 1076 2256 cohibeatur3
1106 2176 1133 2240 si
1156 2173 1321 2243 ostendatis

222 2293 289 2374 plus
311 2291 388 2375 apud
408 2310 468 2357 vos
491 2292 658 2359 mandatum
681 2290 805 2373 domini,
828 2311 917 2374 quarn
940 2292 1039 2356 divitis
1062 2291 1165 2356 valere
1186 2290 1321 2374 gretiam

311 2406 383 2472 150.
427 2407 600 2474 Meministis
623 2409 697 2490 ipsi,
721 2408 862 2489 quotiens
882 2406 1028 2470 adversus
1050 2406 1171 2490 regales
1194 2405 1322 2487 impetus

223 2539 279 2603 pro
301 2518 475 2600 viduarum,
505 2522 593 2586 immo
623 2522 753 2586 omnium
782 2521 942 2603 depositis¹
956 2527 1108 2586 certamen
1134 2521 1322 2586 subierimus.

224 2633 387 2697 Commune
417 2633 475 2696 lroo
506 2632 662 2696 vobiscum
694 2632 774 2696 milri.
824 2633 942 2696 Recens
974 2633 1143 2716 exemplum
1173 2629 1323 2696 ecclesiae

224 2746 391 2816 'ticinensis
413 2744 575 2828 proteram,
599 2763 676 2828 quae
698 2746 807 2811 viduae
829 2747 1008 2830 depositum,
1034 2743 1115 2828 quod
1137 2731 1323 2825 susceperat,

223 2859 359 2923 amittere
386 2858 617 2942 periclitabatur.
661 2859 873 2942 interpellante
902 2859 981 2923 enirn
1012 2876 1068 2939 eo,
1101 2858 1152 2940 qui
1174 2857 1231 2922 sibi
1252 2854 1324 2920 illud

223 2973 368 3057 imperiali
397 2975 546 3057 rescripto
578 2975 731 3040 vindicare
765 2976 921 3057 cupiebat,
955 2971 1056 3037 clerici
1088 2990 1151 3035 non
1183 2968 1325 3041 tenebant

224 3087 449 3166 auctoritatem
469 3087 607 3152 honorati
631 3105 753 3169 quoqne
773 3093 806 3148 et
827 3086 1047 3148 intercessores
1071 3081 1131 3146 dati
1153 3100 1215 3146 non
1231 3096 1324 3162 posse

224 3199 393 3280 praeceptis
424 3199 612 3281 imperatoris
640 3197 755 3261 obviari
788 3195 933 3260 serebant.
984 3195 1156 3280 Legebatur
1185 3190 1325 3273 rescripti

224 3309 322 3376 iorma
351 3309 510 3392 directior,
538 3312 673 3396 magistri
703 3311 871 3374 officiorum
900 3314 1038 3389 statuto‚·
1057 3324 1152 3391 agens
1180 3306 1211 3369 in
1231 3305 1325 3369 robus

224 3421 406 3486 inuninebat
451 3422 529 3496 Ouid
550 3423 660 3504 plura?
705 3420 856 3485 Traditum
880 3425 953 3483 emt.

315 3531 385 3598 15t.
425 3535 536 3598 Temen
559 3533 774 3598 communicato
798 3549 912 3594 mecum
928 3530 1055 3595 consilio
1072 3528 1190 3594 obsedit
1205 3533 1326 3592 sanctos

226 3648 387 3730 episcopus
417 3665 453 3710 ea
476 3647 647 3727 conclavia,
677 3646 714 3710 ad
746 3664 822 3726 quac
853 3645 1026 3709 translatum
1054 3642 1128 3711 illud
1157 3641 1327 3724 depositum

225 3760 334 3826 viduae
362 3767 558 3844 cognoverat.
604 3759 690 3835 Quod
721 3760 771 3823 ubi
800 3777 861 3823 non
891 3760 986 3841 potuit
1014 3757 1142 3836 auferri,
1171 3759 1327 3837 receptum

226 3873 281 3936 sub
315 3871 514 3958 chirographo
546 3880 600 3938 est.
651 3874 759 3938 Postea
790 3873 896 3938 iterum
929 3871 1118 3956 flagitabatur
1150 3887 1191 3931 ex
1221 3867 1327 3931 chiro-

226 3986 360 4069 graph03
390 3991 581 4070 praeceptum
609 3986 770 4067 imperator
799 3986 984 4063 iter·aremt,·
1010 3989 1042 4045 ut
1067 3982 1131 4062 ipse
1153 3997 1209 4060 per
1231 3982 1348 4041 semet·

227 4100 323 4178 ipsum
345 4116 402 4162 nos
424 4101 608 4163 conveniret.
646 4100 793 4183 Negatum
816 4105 872 4179 est,
895 4105 926 4161 et
949 4096 1087 4179 exposita
1110 4093 1230 4158 divinae
1249 4090 1327 4173 legis
