2980 4700
394 379 440 433 ns
459 377 595 434 ornans
613 373 838 432 amusmoauu
854 375 951 430 unua
968 375 988 430 1.
1199 377 1239 442 ω

513 579 684 648 CAPUT
717 569 877 646 XXXIH.

144 743 349 798 benivolentiam
373 746 400 796 in
428 743 540 798 ecclesia
568 745 675 798 maximo
703 752 729 796 et
756 744 895 797 earundem
923 752 966 796 aut
989 742 1099 797 affinium
1123 745 1242 798 virtutum

528 832 671 884 bominibus
689 847 866 901 perseverare.

235 989 304 1053 170.
350 989 490 1074 Augetur
519 991 720 1055 benivolentia
752 997 842 1055 coetu
870 992 1036 1072 ecclesiae,
1066 992 1135 1056 fidei
1164 1009 1243 1056 con-

145 1103 256 1182 sortio,
288 1103 418 1165 initiandi
442 1106 604 1184 societate,
636 1105 847 1186 percipiendae
869 1107 983 1188 gratiae
1012 1104 1242 1184 necessitudine,

144 1216 354 1297 mysteriorum
378 1217 593 1279 communione.
631 1218 814 1298 Haeoenim
838 1219 925 1281 etiam
948 1217 1161 1300 appellationes
1183 1235 1242 1279 ne-

145 1327 373 1406 cessitudinum,
405 1332 604 1392 reverentiam
633 1330 778 1410 filiorum,
809 1333 1014 1395 auctoritatem
1046 1338 1077 1392 et
1105 1332 1242 1411 pietatem

144 1447 275 1522 patrum,
308 1441 532 1523 germanitatem
561 1441 683 1503 fratrum
714 1443 771 1504 sibi
800 1442 956 1505 vindicant.
1002 1441 1124 1504 Multum
1152 1441 1244 1522 igitur

146 1554 182 1616 ad
207 1552 410 1616 cumulandam
433 1559 548 1634 spectat
570 1554 801 1617 benivolentiam
824 1555 1015 1618 necessitudo
1039 1554 1163 1636 gratiae.

235 1663 305 1729 171.
350 1665 499 1729 Adiuvant
529 1667 615 1730 etiam
642 1669 755 1748 parium
778 1668 873 1731 studia
896 1669 1045 1731 virtutum.
1091 1666 1244 1748 Siquidem

145 1779 346 1844 benivolentia
370 1781 456 1842 etiam
479 1798 594 1843 morum
618 1779 686 1843 iacit
716 1781 945 1844 similitudinem.
991 1781 1129 1860 Denique
1151 1779 1243 1843 Iona-

145 1893 195 1955 tba
229 1892 306 1956 iilius
339 1875 421 1976 regis
457 1892 622 1955 imitabatur
656 1894 750 1955 sancti
783 1893 878 1956 David
915 1892 1186 1971 mansuetudinem,
1212 1889 1242 1975 ¹)

146 2010 269 2086 proptor
299 2003 380 2086 quod
411 2003 552 2086 diligebat
581 2021 656 2065 eum.
701 2003 786 2065 Unde
810 2008 839 2065 et
862 2003 949 2066 illud:
966 2003 998 2087 ²)
1033 2004 1108 2067 Cum
1130 2014 1242 2068 sancto

146 2124 276 2179 sauctus
305 2118 386 2192 era's,
418 2135 479 2179 non
508 2117 603 2179 solum
631 2117 667 2178 ad
699 2119 976 2197 conversationem,
1005 2109 1061 2181 sed
1091 2119 1177 2180 etiarn
1206 2119 1243 2180 ad

144 2229 373 2292 benivolentiam
404 2230 597 2293 derivandum
628 2229 754 2293 videtur.
799 2232 874 2293 Nam
904 2232 1006 2312 utique
1036 2237 1067 2292 et
1096 2229 1148 2292 filii
1175 2231 1243 2293 Noe

145 2342 231 2405 simui
264 2341 451 2422 habitabant,
486 2351 516 2406 et
549 2361 609 2407 non
642 2352 706 2407 erat
736 2345 767 2406 in
799 2344 845 2408 bis
876 2361 991 2407 morum
1023 2343 1193 2406 concordia.
1210 2340 1242 2426 ³)

144 2453 320 2550 Habitabqnt
343 2455 429 2516 etiam
452 2455 483 2516 in
505 2454 593 2518 domo
617 2455 710 2537 patris
733 2455 813 2518 Esau
836 2461 866 2516 et
887 2455 986 2534 iacob,
1008 2455 1063 2517 sed
1086 2454 1242 2538 discrepa-

144 2567 222 2628 bant.
247 2561 280 2650 4)
331 2565 400 2629 Non
430 2577 494 2630 erat
524 2569 601 2630 enim
631 2569 832 2654 benivolentia
862 2570 941 2631 inter
971 2586 1042 2648 eos,
1080 2587 1158 2650 quae
1187 2570 1244 2633 sibi

144 2677 311 2760 praeferret
344 2681 485 2759 aiterum,
519 2681 573 2743 sed
607 2682 703 2764 magis
738 2683 908 2762 contentio,
947 2700 1024 2764 quae
1057 2684 1245 2765 praeriperet

145 2791 390 2854 benedictionem.
408 2789 440 2874 5)
484 2793 558 2854 Nam
583 2813 648 2856 cum
670 2795 745 2856 alter
768 2793 951 2876 praedurus,
974 2795 1049 2857 aiter
1071 2801 1242 2858 mansuetus

145 2912 236 2983 esset,
259 2907 336 2967 inter
360 2905 494 2986 dispares
517 2923 617 2969 mores
641 2914 672 2968 et
693 2906 789 2970 studia
805 2909 1026 2990 conpugnantia
1042 2908 1243 2970 benivolentia

145 3033 215 3080 esse
235 3035 297 3081 non
312 3024 436 3099 poterat.
472 3018 558 3093 Adde
575 3021 642 3098 quia
658 3027 778 3083 sanctus
794 3021 882 3084 iacob
899 3027 1042 3103 paternae
1056 3020 1243 3105 degenerem

146 3130 250 3194 domus
272 3132 375 3193 virtuti
397 3132 553 3212 praeferre
576 3150 636 3194 non
659 3137 785 3213 poterat.

234 3242 304 3308 172.
349 3244 427 3305 Nihil
449 3252 547 3307 autem
570 3251 629 3306 tarn
652 3246 869 3324 consociabile,
894 3264 981 3326 quam
1004 3264 1071 3308 cum
1094 3245 1243 3326 aequitate

145 3356 262 3436 iustitia,
285 3373 362 3437 quae
385 3358 466 3420 velut
489 3375 603 3439 conpar
625 3364 656 3421 et
678 3358 761 3421 socia
783 3357 1002 3421 benivolentiae
1025 3357 1105 3437 iacit,
1128 3365 1161 3420 ut
1178 3375 1242 3436 eoa,
1302 3429 1305 3432 ,

146 3487 222 3550 quos
249 3484 338 3550 pares
370 3469 457 3533 nobis
490 3467 654 3548 oredimus,
688 3469 853 3552 diligamus.
898 3469 993 3532 Habet
1021 3474 1119 3531 autem
1149 3470 1180 3533 in
1209 3487 1244 3533 se

144 3583 346 3646 benivolentia
371 3585 458 3646 etiam
482 3582 703 3659 fortitudinem3
735 3601 802 3644 nam
832 3589 899 3645 cum
930 3583 1054 3647 amicitia
1084 3602 1125 3646 ox
1155 3584 1243 3646 beni-

145 3695 296 3758 volentiae
319 3695 403 3760 fonte
429 3696 591 3777 procedat,
624 3713 685 3759 non
709 3695 819 3759 dubitat
841 3713 897 3776 pro
920 3695 1014 3757 amico
1038 3699 1142 3779 gravia
1164 3698 1243 3760 vitae

145 3807 294 3871 sustinere
316 3809 465 3890 pericula:
482 3805 515 3893 6)
538 3807 580 3871 Et
600 3809 628 3872 st
650 3808 735 3872 mato
757 3809 850 3886 mibi,
873 3809 984 3888 inquit,
1008 3811 1167 3874 evenerint
1182 3829 1243 3892 per

146 3919 242 3998 iilum,
270 3923 418 3986 susdnco.

216 4071 246 4141 1)
265 4074 288 4126 1.
307 4073 371 4144 Reg'.
391 4074 433 4143 19,
452 4075 469 4128 2
486 4091 539 4144 seq.
603 4076 632 4144 2)
650 4076 741 4130 Psalm.
762 4077 803 4145 17,
823 4078 865 4132 26.
930 4075 959 4145 3)
979 4073 1069 4130 Ganos.
1088 4075 1114 4143 9,
1133 4075 1167 4130 22
1185 4091 1240 4150 seq.

145 4157 175 4238 4)
193 4157 256 4214 ibid.
275 4159 319 4234 25,
337 4161 379 4222 27.
451 4163 481 4242 ,5)
499 4162 561 4220 ibid.
581 4163 624 4239 27,
645 4163 679 4217 tt
695 4179 766 4243 seqq.
838 4166 866 4240 6)
885 4165 962 4222 sirac.
979 4164 1022 4237 22,
1042 4162 1084 4225 31.
