2932 4700
221 357 264 424 42
611 365 613 368 ·
664 357 690 414 Β.
709 355 865 416 Allanostl

220 518 371 601 legentes:
397 519 435 583 l’c
458 522 546 584 decet
565 521 712 604 lyranus,
736 522 834 600 deas,
858 523 892 584 in
913 521 1008 602 Sion,
1032 524 1080 586 vel
1103 520 1234 588 Graece:
1257 520 1314 588 Σοὶ

220 625 338 721 πρέπει
366 624 459 717 ὕμνος
487 625 607 709 odedu
628 631 660 699 ἐν
681 632 768 698 Σιών.
788 633 817 720 ¹)
861 635 897 698 Et
928 638 1079 718 apostolus
1111 639 1167 701 ait:
1183 635 1217 722 ²)
1248 639 1313 703 Lo-

219 765 328 830 quere,
354 767 434 832 quoe
456 751 564 814 decent
584 769 696 814 aonam
718 752 900 814 doctrinam.
945 749 981 813 Et
1003 750 1087 814 alibi:
1105 747 1138 835 ³)
1175 751 1315 815 Docebat

219 869 319 925 cotem
341 883 418 945 com,
438 884 497 944 per
520 884 608 946 quem
630 867 734 929 omnio
758 873 788 928 ct
803 873 935 948 propter
958 883 1046 945 qnam
1067 867 1180 944 omnio,
1211 867 1315 930 maltis

217 975 294 1056 filiis
324 979 357 1039 in
387 979 521 1058 planiam
554 980 697 1044 adductis
733 981 840 1042 dacem
874 980 987 1042 eolalia
1018 997 1122 1043 coram
1148 997 1207 1060 per
1234 997 1313 1060 poa-

219 1091 339 1154 cioncm
361 1110 583 1158 consummare.
872 1093 881 1111 “

307 1201 358 1268 31.
402 1205 550 1286 Numquid
572 1207 655 1288 prior
676 1181 850 1306 Panaetiup,
882 1206 1021 1288 numquid
1044 1206 1241 1286 Aristoteles,
1264 1205 1315 1288 qui

220 1319 336 1402 etipse
360 1318 519 1401 disputavit
541 1320 579 1385 de
602 1321 718 1400 officio,
742 1340 829 1403 mam
845 1321 957 1402 David,
980 1340 1047 1385 cum
1070 1327 1100 1384 et
1121 1322 1186 1403 ipse
1200 1319 1313 1402 Pytha-

220 1449 328 1514 goras,
360 1434 410 1514 qui
433 1433 543 1517 legitur
565 1435 690 1500 Socrate
712 1437 876 1517 antiquior,
907 1435 1080 1518 prophetam
1107 1440 1228 1498 secutus
1250 1433 1314 1496 Da-

219 1546 287 1628 vid,
304 1543 337 1631 ⁴)
367 1548 466 1631 legem
494 1550 601 1614 silentii
624 1549 740 1614 dederit
770 1550 857 1613 suis?
908 1549 966 1615 Sed
990 1550 1059 1629 illc,
1092 1555 1123 1613 ut
1145 1566 1200 1630 per
1222 1545 1314 1627 quin-

221 1663 380 1743 quennium
411 1661 563 1746 discipulis
594 1681 679 1726 usum
708 1663 854 1727 inhiberet
883 1663 1046 1745 loquendi3
1078 1659 1175 1724 David
1206 1666 1313 1738 autem,

219 1791 281 1836 non
310 1781 343 1837 ut
373 1780 496 1838 naturae
526 1794 633 1840 munus
665 1775 859 1854 inminueret,
893 1774 947 1838 sed
978 1781 1009 1837 ut
1041 1773 1204 1839 custodiam
1238 1790 1314 1855 pro-

220 1888 337 1952 ferendi
372 1892 518 1954 sermonis
553 1889 683 1954 doceret.
738 1889 774 1952 Et
804 1890 987 1973 Pythagoras
1021 1888 1155 1970 quidem,
1189 1894 1220 1951 ut
1253 1905 1313 1950 non

220 2003 372 2084 loquendo
405 2003 485 2086 loqui
517 2004 657 2080 doceret;
692 2003 804 2082 David,
837 2009 869 2064 ut
902 2001 1052 2083 loquendo
1083 2003 1177 2085 magis
1212 2000 1314 2064 disce-

220 2135 321 2181 remus
355 2119 444 2200 loqui.
498 2117 656 2192 Quomodo
692 2117 769 2179 enim
803 2116 868 2178 sine
903 2115 1047 2178 exercitio
1082 2114 1232 2193 doctrina,
1265 2119 1314 2176 aut

168 2230 196 2319 l
220 2229 286 2292 sine
310 2247 367 2292 usu
389 2228 567 2311 protectus?

308 2339 359 2408 32.
405 2342 461 2417 Oui
485 2343 666 2425 disciplinam
690 2343 824 2407 bellicam
841 2344 902 2407 vult
923 2342 1065 2424 adsequi,
1088 2342 1197 2406 cotidie
1221 2359 1315 2404 exer-

222 2465 307 2521 cetur
329 2459 416 2520 armis
440 2462 470 2520 et
491 2464 637 2538 tamquam
659 2459 689 2519 in
713 2459 869 2539 procinctu
897 2459 1012 2538 positus
1044 2456 1189 2539 praeludit
1221 2473 1316 2536 prce-

222 2571 312 2652 lium,
336 2577 366 2633 et
389 2570 470 2633 velut
485 2588 585 2632 coram
602 2571 699 2652 posito
715 2570 882 2650 praetendit
897 2570 1002 2651 hoste,
1025 2576 1114 2651 atque
1130 2570 1166 2633 ad
1183 2569 1316 2652 peritiam

222 2687 363 2766 viresque
393 2683 540 2746 iaculandi
571 2683 618 2746 vel
645 2701 716 2746 suos
746 2683 883 2765 explorat
910 2683 1059 2764 lacertos,
1092 2684 1140 2747 vel
1169 2683 1316 2746 adversa·

222 2802 335 2864 riorum
366 2798 495 2862 declinat
526 2797 601 2858 ictus
627 2801 657 2858 et
680 2793 812 2876 vigilanti
835 2795 896 2857 exit
919 2794 1030 2858 obtutu.
1076 2795 1133 2870 Qui
1155 2813 1263 2858 navem
1285 2796 1316 2858 in

222 2915 297 2980 mari
322 2930 432 2996 regere
462 2909 673 2994 gubernaculis
702 2909 801 2972 studet
829 2909 878 2971 vel
900 2910 992 2972 remis
1025 2909 1152 2991 ducere,
1182 2911 1263 2992 prius
1285 2911 1316 2971 in

223 3029 314 3093 tluvio
344 3024 498 3108 praeludit.
543 3024 599 3098 Qui
629 3023 755 3086 canendi
788 3025 964 3087 suavitatem
994 3030 1024 3086 et
1052 3026 1136 3087 vocis
1168 3024 1317 3087 adlectant

223 3139 448 3226 praestantiam,
479 3139 561 3219 prius
584 3138 694 3200 sensim
722 3135 856 3200 canendo
880 3155 986 3200 vocem
1017 3137 1156 3206 excitant.
1201 3137 1238 3202 Et
1267 3139 1317 3222 qui

223 3256 336 3321 viribus
359 3253 496 3336 corporis
519 3251 711 3335 legitimoque
742 3249 872 3313 luctandi
902 3252 1061 3315 certamine
1092 3270 1233 3316 coronam
1256 3271 1315 3334 pe-

224 3377 303 3450 tunt,
337 3368 485 3432 cotidiano
516 3385 573 3431 usu
602 3367 768 3449 palaestrae
799 3365 938 3428 durantes
970 3366 1119 3445 membra,
1152 3367 1315 3430 nutrientes

223 3485 410 3568 patientiam,
433 3484 536 3547 labore
558 3481 746 3546 adsuescunt.

312 3597 362 3664 33.
406 3600 487 3663 Haec
509 3600 573 3681 ipsa
596 3603 699 3662 natura
722 3613 777 3660 nos
799 3597 830 3658 in
852 3595 981 3678 parvulis
1006 3594 1108 3676 docet,
1133 3594 1211 3677 quod
1234 3595 1315 3678 prius

224 3732 317 3779 sonos
347 3714 524 3778 meditantur
552 3711 710 3794 loquendi,
742 3718 774 3774 ut
804 3689 885 3792 loqui
921 3709 1043 3773 discant.
1088 3709 1189 3790 ltaque
1222 3725 1315 3773 sonus

226 3829 401 3892 exercitatio
432 3829 573 3910 quaedam
598 3833 628 3889 et
649 3827 795 3910 palaestra
826 3825 910 3888 vocis
942 3831 996 3887 cst.
1041 3824 1082 3886 lta
1106 3841 1180 3905 ergo
1214 3823 1316 3904 etqui

226 3943 328 4007 volunt
358 3941 477 4006 discere
509 3943 677 4006 cautionem
709 3939 849 4022 loquendi
892 3938 972 4020 quod
1009 3943 1132 4000 naturae
1170 3942 1215 4001 est
1254 3953 1315 4026 non

229 4095 435 4106 ——-

298 4183 324 4255 ι)
341 4182 473 4251 cacan.
543 4182 572 4248 a)
590 4183 635 4239 ra.
649 4184 676 4251 a,
690 4185 712 4237 1.
783 4182 812 4255 a)
829 4180 907 4235 acar.
920 4181 947 4251 a,
960 4178 1001 4236 ro.
1073 4179 1103 4245 a)
1121 4178 1161 4234 r..
1174 4177 1312 4252 asnaa
