2966 4708
405 353 450 411 llll
470 353 605 411 orations
623 351 845 442 nllltstoolttttt
863 353 958 408 alteo
976 354 1018 410 tlt
1193 355 1256 424 217

166 517 305 582 mulieres
327 525 430 600 pastae
453 516 641 596 viderentur,
665 522 693 579 el
713 523 771 580 tam
792 515 902 579 atrocis
924 515 1094 579 calamitatis
1118 517 1256 600 exemplo

166 635 316 715 percitus,
338 631 476 696 Helisaeo
499 631 663 714 prophetae
685 630 869 694 denuntiauit
890 648 1012 710 necem,
1039 631 1122 694 ouius
1145 632 1173 694 in
1198 651 1257 714 po-

165 753 271 810 testate
295 746 360 810 fore
383 743 520 808 erederet
550 749 581 804 ut
604 741 790 806 obsidionem
822 743 971 821 solveret,
1000 744 1186 825 propulsaret
1209 741 1257 806 ia-

166 880 252 938 mem,
276 861 325 924 vel
348 861 416 942 quia
439 877 499 922 non
522 859 697 940 permiserat
719 857 786 939 regi
808 863 839 919 ut
862 863 1030 937 percuteret
1054 857 1156 942 Syros,
1181 875 1256 938 qrros

166 977 307 1040 caecitate
331 972 511 1056 perfuderat.

254 1085 324 1152 120.
371 1085 498 1150 Sedebat
520 1085 674 1148 Helisaeus
698 1103 763 1148 cnm
786 1084 954 1148 senioribus
978 1084 1008 1147 in
1029 1085 1131 1149 Bethel
1149 1083 1198 1170 ¹),
1229 1092 1258 1149 et

165 1203 247 1284 prius
276 1220 361 1283 qoam
393 1201 527 1263 introiret
560 1197 596 1261 ad
628 1218 694 1262 eum
724 1199 807 1280 regis
837 1199 970 1276 nuntios,
1000 1201 1040 1261 ait
1061 1199 1098 1262 ad
1121 1202 1257 1264 seniores

164 1318 263 1379 viros:
297 1315 327 1379 Si
351 1314 464 1377 vidistis
493 1314 631 1394 quoniam
654 1313 729 1375 iilius
754 1313 917 1376 homicidae
940 1313 1017 1376 illius
1039 1315 1117 1376 misit
1137 1315 1257 1379 auferre

166 1435 252 1511 caput
274 1427 395 1491 meum?
440 1427 476 1489 Et
497 1429 630 1520 introivit
651 1427 770 1489 nuntius
794 1435 823 1488 et
843 1427 1007 1489 mandalum
1026 1428 1108 1510 regis
1130 1428 1258 1509 pertulit,

166 1542 365 1606 denuntiantis
396 1559 539 1626 praesens
569 1542 671 1623 capitis
700 1540 871 1622 periculum.
917 1539 970 1602 Cui
1000 1542 1154 1623 respoudit
1181 1561 1258 1626 pro-

164 1656 269 1740 pheta:
286 1653 317 1741 ²)
349 1657 409 1720 llac
431 1655 505 1720 hora
530 1655 578 1719 die
601 1656 729 1719 crastina
760 1673 897 1719 mensura
930 1655 1100 1739 similaginis
1131 1657 1205 1720 siclo
1230 1663 1259 1719 et

165 1771 242 1833 duae
265 1787 424 1833 mensurae
447 1771 551 1834 hordei
575 1771 649 1834 siclo
666 1771 694 1832 iu
711 1776 795 1852 porta
813 1769 969 1834 Samariae.
1007 1770 1043 1832 El
1060 1789 1126 1832 oum
1150 1773 1258 1834 missus

165 1901 279 1966 aroge
302 1885 420 1948 nuntius
443 1903 503 1948 non
527 1885 704 1947 credidisset
730 1884 848 1946 dicens:
879 1883 909 1947 Si
932 1884 1040 1964 pluerit
1062 1883 1196 1972 dominus
1221 1885 1258 1948 de

166 1998 250 2061 caelo
281 1998 487 2061 abundantiam
519 1999 672 2077 frumeuti,
704 2017 761 2061 nec
783 1999 827 2060 sic
850 1999 967 2078 quidem
992 1997 1020 2058 id
1043 2005 1146 2078 posset
1169 1998 1257 2078 ellici,

165 2107 238 2170 dixit
259 2107 296 2172 ad
319 2127 385 2171 cuin
407 2109 579 2173 Helisaeus:
614 2109 688 2184 Ouia
720 2127 778 2171 nou
810 2107 976 2188 credidisti,
1009 2111 1103 2173 oeulis
1127 2112 1185 2174 tuis
1209 2114 1257 2174 vi-

166 2220 249 2284 debis
272 2229 302 2284 et
325 2240 384 2285 non
407 2221 605 2284 manducabis.
622 2218 654 2303 ³)

254 2329 323 2396 121.
368 2331 405 2394 llt
427 2332 521 2395 laetus
549 2338 596 2395 est
624 2332 722 2394 subito
748 2331 906 2394 incastris
930 2331 1035 2416 Syriae
1066 2335 1161 2398 velut·
1178 2353 1257 2416 qua-

166 2444 315 2528 drigarum
337 2462 430 2509 sonus
452 2452 482 2508 et
505 2462 567 2508 vox
589 2445 677 2508 multa
700 2446 830 2526 equilum
853 2452 882 2508 et
905 2464 967 2511 vox
988 2466 1113 2531 magnae
1142 2450 1256 2512 virtutis
1365 2499 1366 2502 ,

164 2564 252 2640 atquo
274 2561 381 2643 ingens
403 2560 470 2623 balli
501 2560 657 2622 tumultus:
693 2567 722 2621 et
752 2561 883 2624 arbitrati
916 2569 984 2625 sunt
1007 2562 1073 2646 Syri
1097 2563 1176 2645 quod
1200 2583 1257 2626 rex

163 2671 256 2736 lsrael
279 2675 308 2736 in
330 2675 502 2738 societatem
534 2673 710 2736 advocasset
738 2675 845 2756 proelii
867 2693 969 2758 regem
995 2674 1127 2758 Aegypti
1151 2685 1180 2738 et
1203 2696 1256 2740 re-

163 2807 233 2872 gem
248 2788 514 2865 Amorrhaeorum3
539 2795 568 2850 et
584 2787 725 2871 sugerunt
740 2788 868 2854 diluculo
888 2791 1091 2872 relinquentes
1114 2793 1256 2856 taberna-

164 2904 230 2966 cula
252 2921 323 2982 sua,
355 2901 493 2983 quoniam
516 2901 696 2966 verebantur
718 2919 756 2963 ne
779 2903 932 2985 inproviso
960 2903 1087 2968 adventu
1111 2923 1256 2970 novorum

164 3018 402 3099 opprimerentur
424 3016 550 3079 hostiurn
567 3022 597 3077 et
612 3015 776 3078 coniunctis
799 3034 903 3100 regum
922 3019 1034 3082 viribus
1054 3037 1114 3083 non
1132 3030 1257 3102 possent

164 3133 316 3194 resistere.
361 3130 392 3194 ld
415 3131 598 3212 incognitum
622 3129 770 3194 Samariae
802 3138 883 3210 erat,
917 3136 1054 3214 quoniam
1083 3137 1153 3199 victi
1176 3145 1256 3202 mam

164 3252 194 3310 et
217 3243 293 3308 lame
317 3244 406 3308 tabidi
429 3231 485 3307 nec
507 3244 705 3327 praetendere
727 3245 883 3308 audebant.

254 3355 324 3424 122.
368 3357 459 3420 Erant
481 3364 577 3420 autem
599 3355 712 3440 leprosi
734 3365 872 3439 quattuor
887 3358 922 3422 ad
940 3368 1053 3441 portam
1076 3358 1255 3447 civilatis,⁴)

164 3473 270 3556 quibus
303 3474 362 3536 vita
393 3478 457 3534 erat
486 3472 660 3553 supplicium
683 3478 713 3534 ct
735 3474 809 3536 mori
839 3473 967 3550 lucrum3
1002 3481 1031 3536 et
1059 3473 1196 3537 dixerunt
1219 3475 1255 3539 ad
1323 3477 1327 3486 “

164 3605 198 3650 se
222 3589 364 3652 invicem:
389 3585 468 3650 Ecce
491 3604 547 3649 nos
571 3586 618 3648 hic
639 3586 777 3650 sedemus
794 3593 824 3648 et
840 3587 986 3650 morimur.
1025 3587 1055 3652 Si
1072 3589 1256 3671 ingredimur

165 3701 285 3781 urbem,
317 3702 477 3764 moriemur
508 3698 601 3775 iaane;
635 3699 661 3760 si
683 3716 834 3762 manemus
857 3698 920 3778 hio,
956 3702 1064 3766 nullum
1095 3702 1255 3766 subsidium

166 3814 286 3877 ulveudi
309 3815 437 3898 suppetit
458 3814 561 3878 nobis:
595 3830 697 3876 eamus
722 3814 751 3877 iu
774 3822 870 3876 castra
893 3814 1012 3898 Syriae,
1044 3822 1094 3880 aut
1117 3834 1254 3900 conpen-

179 3971 372 3984 m—

165 4079 264 4220 731)
283 4080 307 4131 4.
326 4079 389 4152 neg.
408 4081 434 4148 6,
452 4081 558 4152 32seq.
631 4081 784 4152 tyllam,
803 4084 826 4138 1.
897 4083 1102 4152 3)1tto.v.1o.
1138 4085 1166 4150 1)
1186 4081 1249 4138 ibid.

183 4205 192 4235 ,
245 4183 297 4238 seq.
