2966 4708
205 369 272 445 260
626 366 883 434 annotationes

204 536 260 592 aue
279 551 334 590 cum
347 534 406 588 cdd.
421 531 476 588 Coi.
490 541 566 604 utque
579 533 693 602 imeri„
713 540 902 606 inperitiam
920 535 955 590 lia
974 541 1130 606 ceteraeque
1148 532 1206 592 cdd.
1237 531 1302 592 bein

203 644 260 682 usn
279 635 409 693 comperta
428 621 495 687 uun,
515 625 626 692 itemque
648 625 707 678 cdd.
727 624 792 678 died.
812 623 910 676 Erasm.
930 623 998 677 Cost.
1018 622 1109 678 Pistor.
1131 623 1218 689 flom.;
1238 631 1303 681 aisis

204 731 286 783 comp.
306 709 358 772 sc,
381 714 445 766 uisu
463 711 488 760 in
508 726 557 779 mg.
577 709 684 777 Piston,
707 721 839 781 comperta
858 722 922 766 sunt
939 715 1059 782 inempta
1078 711 1130 779 tttg
1148 721 1175 764 et
1194 711 1301 764 vindob.

204 796 526 854 canturiensem.
547 799 611 862 quid.
631 803 724 853 iicnis.
743 798 824 852 Codd.
844 798 912 850 MSS.
932 798 1063 869 theologg.
1082 798 1201 851 biblioth.
1221 797 1301 851 Pulsi.

203 887 313 940 vindob.
333 885 388 937 tot.
404 884 431 936 ii.
451 883 478 936 Ρ.
492 883 510 936 1.
531 901 555 951 p.
571 885 642 947 522).
673 884 810 937 ndnoravis
823 884 955 936 Denisius:
975 889 1061 940 Paene
1079 889 1116 940 ita
1134 903 1195 940 curn
1213 889 1303 940 codice

203 980 292 1032 mutim
310 977 402 1044 tepere.
439 970 493 1022 iiec
511 969 585 1022 eiitcr
604 969 725 1021 exhibent
743 969 833 1036 iteca,
852 985 885 1022 eo
903 980 998 1023 tanturn
1018 972 1179 1038 discrimine,
1197 981 1224 1024 ut
1242 980 1301 1025 autc

202 1063 321 1131 warsipio
340 1059 508 1111 distinctionis
526 1058 639 1110 notulam
659 1067 764 1127 ponant.
802 1061 932 1128 conperta
950 1074 996 1127 pro
1017 1071 1148 1130 comperta
1166 1061 1256 1127 scripsi
1275 1076 1299 1111 c.

202 1149 245 1219 itg
263 1157 290 1202 ct
307 1147 444 1215 exemplari
462 1143 518 1198 Col.
555 1145 592 1198 ltu
617 1148 698 1214 primo
723 1145 860 1199 exhibebat
879 1147 953 1198 etiam
972 1145 1012 1198 W.
1049 1146 1098 1200 Pro
1117 1157 1206 1216 atque,
1233 1146 1301 1214 quod

202 1253 253 1290 orn.
273 1237 329 1304 dig,
356 1236 381 1286 iu
400 1233 440 1285 bie
462 1235 591 1301 reperitur
614 1252 693 1304 equs.
722 1234 791 1302 quod
809 1235 835 1287 in
854 1235 892 1287 iis
917 1234 949 1288 ab
973 1242 1185 1288 immutatum
1210 1241 1249 1286 est
1273 1235 1300 1284 in

202 1330 305 1394 pieque.
341 1319 499 1388 Typotbetce
518 1333 606 1374 errore
624 1323 648 1373 iu
668 1321 710 1374 od.
725 1319 780 1374 Coi.
800 1322 901 1390 irrepsit
918 1325 1003 1378 neiis.
1035 1322 1092 1374 bion
1109 1324 1222 1375 tiberius
1240 1321 1302 1372 dunt

202 1411 285 1464 ilbcd.
327 1406 389 1458 Tunc
408 1393 567 1462 credidimus
585 1416 612 1460 ct
629 1409 654 1460 in
672 1424 745 1478 seqq.
764 1427 909 1478 possamus
927 1410 968 1463 cd.
987 1409 1053 1462 sled.
1091 1412 1245 1470 Possumus
1263 1405 1300 1458 Bu

202 1506 229 1551 et
247 1512 285 1566 pr.
305 1495 344 1548 tta
362 1512 384 1547 c.
404 1491 449 1546 tit.
481 1495 657 1563 Adstipuiatur
676 1493 778 1548 Amerb.
814 1495 839 1548 8.
859 1507 945 1552 autem
963 1512 1012 1548 om.
1025 1495 1064 1548 W.
1095 1499 1300 1552 Praedicatorcs

201 1600 249 1655 pro
266 1593 391 1655 pasturas
409 1580 488 1634 babet
506 1582 546 1632 ed.
567 1579 657 1635 Pistor.
677 1583 702 1634 ia
720 1597 769 1653 unq.

306 1703 334 1757 P.
354 1703 395 1757 32.

272 1795 297 1860 s.
317 1792 347 1856 ³,
369 1792 391 1844 i.
416 1793 597 1862 apostotorum
619 1794 685 1847 mibi
702 1790 809 1864 bibcdq‚
838 1796 921 1849 micii
942 1791 980 1846 Bc
1005 1803 1166 1860 constanter,
1195 1793 1249 1848 iidi
1272 1801 1300 1846 et

201 1880 330 1950 exemptor
348 1877 402 1932 cot.
439 1877 494 1930 iiuc
513 1880 623 1948 pertinet
643 1881 718 1930 etiam
742 1885 832 1935 nictit.
869 1881 907 1933 De
932 1880 981 1932 hac
1005 1882 1113 1934 barbara
1139 1882 1213 1934 medii
1240 1884 1299 1933 aeri

200 1971 324 2037 scriptura
343 1967 396 2018 vid.
414 1968 514 2022 Osassn.
534 1965 565 2016 ad
583 1964 634 2018 Cic.
655 1966 688 2018 da
704 1982 734 2018 re
752 1967 822 2034 pubi.
842 1984 866 2035 p.
882 1967 932 2020 363
945 1985 999 2038 req.
1032 1967 1092 2022 Turn
1111 1973 1221 2024 vendico
1235 1967 1297 2019 Bab.

200 2055 330 2126 iibcdcig‚
347 2056 408 2106 item
427 2070 441 2105 a
460 2068 480 2105 r.
500 2069 533 2105 m.
547 2051 588 2104 W.
608 2053 657 2104 tta.
678 2052 714 2106 Bo
732 2070 780 2106 una
800 2071 856 2106 cum
876 2055 934 2107 edd.
954 2053 1009 2108 Coi.
1023 2055 1089 2106 Med.
1104 2055 1207 2106 Amerb.
1223 2054 1296 2105 Rom.
1318 2121 1322 2125 ᾖ

200 2157 226 2200 et
245 2157 295 2214 mg.
310 2141 473 2194 Pistorianae.
511 2141 535 2193 2.
554 2145 603 2195 boc
621 2145 715 2196 audeat
728 2141 781 2194 Bab
800 2151 826 2217 et
844 2143 884 2194 cd.
899 2140 965 2193 Med.
997 2141 1053 2195 iios
1070 2146 1143 2214 pitius
1163 2145 1204 2196 dai
1221 2145 1299 2210 clepit

198 2232 261 2286 Bab.
298 2229 323 2282 ³.
343 2245 396 2284 non
414 2231 581 2298 vipiimrtium
599 2237 623 2283 et
640 2232 764 2284 virtutem
780 2229 822 2281 ed.
837 2229 914 2296 died,
933 2232 1099 2301 vipiiantiam
1112 2245 1158 2298 pro
1172 2232 1298 2282 uirtutem

198 2355 288 2408 Pistor.
309 2353 335 2404 in
352 2367 403 2420 mg.
448 2349 473 2402 5.
494 2352 605 2420 adsequi
629 2366 668 2418 pr.
689 2349 735 2416 W,
763 2309 874 2421 adsequi
897 2353 925 2418 (s
948 2367 963 2403 a
987 2367 1007 2404 r.
1031 2367 1063 2403 m.
1088 2351 1227 2418 superior.)
1247 2346 1295 2413 iia,

198 2478 308 2547 assequi
318 2467 352 2526 'ct
370 2471 444 2526 codd.
465 2466 492 2523 et
510 2470 568 2524 edd.
586 2471 641 2525 rell.
679 2473 737 2526 dios
754 2477 846 2545 posuit
862 2477 927 2528 deus
945 2470 994 2542 ttg.
1032 2474 1056 2525 7.
1076 2432 1164 2528 dicere
1183 2470 1227 2535 bb,
1247 2473 1293 2524 di·
1393 2485 1400 2504 ·

198 2561 319 2620 ceratia.
349 2558 437 2610 Statim
455 2568 495 2612 est
512 2563 582 2612 enirn
599 2577 672 2613 unns
690 2578 773 2616 enus
791 2558 998 2628 mapistcrbab.
1029 2558 1054 2610 8.
1071 2561 1294 2614 omnesiornincs

197 2655 302 2710 deceret
320 2645 371 2711 Bt,
389 2648 509 2700 nomines
528 2644 618 2698 Pistor.
637 2648 662 2697 in
681 2662 731 2715 mg.
769 2645 830 2698 Tum
848 2651 982 2717 sirimpio
1002 2658 1087 2702 antem
1106 2647 1203 2714 ilbcdg.

269 2741 295 2806 s.
313 2736 340 2800 i,
361 2732 384 2785 i.
405 2749 453 2786 nec
470 2736 560 2803 ipsum
577 2736 643 2788 mibi
659 2733 759 2803 noccq.
795 2735 819 2787 2.
839 2738 1088 2790 amministrationis
1106 2732 1147 2786 W.
1167 2733 1210 2784 ba.
1232 2731 1293 2783 ner.

197 2818 488 2898 4‚qn011proutiig.
525 2817 595 2870 idem
622 2837 700 2890 quam
724 2821 861 2874 discerem.
906 2821 929 2872 5.
954 2838 1007 2874 raon
1030 2827 1127 2875 aucuui
1149 2810 1293 2886 cuinr'big3

196 2915 292 2970 eccuni
309 2912 371 2961 item
386 2904 475 2958 iibcdi
490 2921 512 2957 c.
532 2905 592 2957 cdd.
607 2901 660 2957 Coi.
680 2907 832 2973 etdmcrb.‚
851 2923 900 2959 nec
918 2907 992 2959 aliter
1010 2922 1025 2958 a
1043 2923 1074 2958 m.
1093 2923 1132 2975 pr.
1151 2905 1199 2956 Ma.
1231 2903 1293 2956 Post

197 3004 300 3056 discere
318 2994 377 3048 edd.
390 2991 493 3044 Amerb.
512 3000 668 3062 ceteraeque
681 2993 818 3046 Macrinam
831 2995 1012 3047 antecedentes
1025 2994 1135 3047 addunt:
1154 2997 1188 3048 iit
1202 3010 1289 3062 qnan-

196 3087 310 3142 tamiitet
328 3082 437 3153 quisquc
452 3084 603 3149 profecerit,
622 3099 697 3138 usura
714 3085 818 3153 estqui
835 3085 924 3138 doceri
941 3099 994 3136 non
1014 3090 1094 3152 epact,
1115 3085 1176 3138 dum
1195 3083 1270 3134 civit.

687 3238 749 3309 Gap.
767 3239 798 3294 il.

264 3368 289 3433 ς.
304 3366 328 3431 5,
344 3363 367 3416 1.
386 3325 456 3370 Μ
473 3368 596 3420 debemus
614 3367 704 3444 (etium
722 3382 737 3418 a
755 3382 775 3420 r.
794 3383 827 3419 m.
847 3367 986 3434 superscr.)
1005 3364 1054 3432 iia,
1073 3370 1151 3420 etiarn
1166 3368 1289 3422 siciamus

192 3471 278 3536 nter,
304 3471 396 3525 icat.
416 3467 466 3538 ttg.
504 3467 568 3522 Dein
587 3445 661 3486 Μ’
678 3489 757 3541 quam
780 3470 880 3542 (mapis
899 3487 914 3522 u
933 3487 953 3524 r.
972 3488 1006 3524 m.
1025 3487 1100 3540 supra
1119 3477 1219 3536 notato)
1239 3471 1287 3539 bia,

192 3563 295 3615 discere
318 3559 405 3627 napis
431 3574 509 3626 quam
535 3556 662 3628 Mbcdefg.
708 3558 733 3610 2.
757 3563 861 3630 passim
883 3556 928 3610 Bc.
964 3558 1022 3610 nox
1049 3561 1214 3628 conimipuar
1241 3557 1287 3611 Bb.

623 3637 638 3665 Ι

191 3679 269 3748 iibdp
288 3685 313 3729 at
331 3676 372 3728 ed.
392 3675 447 3728 Col.
484 3674 509 3728 3.
530 3681 647 3733 aisoioct
664 3678 694 3745 (a
712 3676 744 3729 ab
764 3679 890 3745 eadm„
913 3688 941 3732 ut
958 3679 1067 3746 ridetur,
1086 3681 1227 3748 superscr.)
1246 3680 1286 3733 W.

191 3768 216 3819 4.
235 3767 467 3834 condempnaberis
485 3761 530 3816 Bt.
549 3764 644 3834 nbatq.
680 3764 744 3818 Item
763 3764 779 3818 i.
797 3782 852 3836 seq.
874 3771 1115 3837 condempnationis
1134 3785 1157 3818 o.
1178 3768 1218 3819 ed.
1233 3765 1287 3820 Coi.

190 3855 216 3906 6.
235 3855 382 3922 conplures
401 3847 453 3902 Bac
471 3859 497 3903 ct
514 3850 572 3917 tib,
591 3855 683 3922 compi.
697 3852 778 3906 codd.
799 3854 855 3907 reli.
875 3862 984 3922 excepto
1003 3853 1059 3924 ttg,
1079 3857 1104 3906 iu
1124 3871 1174 3924 quo
1196 3839 1288 3922 legitur

190 3959 267 4012 quam
291 3941 398 4008 piaircs,
428 3945 455 3988 ut
479 3953 519 4005 ap.
539 3938 616 3991 Meus.
636 3947 662 3991 ct
681 3939 799 4005 Giibert.;
828 3945 920 4012 compi.
947 3943 1023 3996 ctiam
1048 3941 1107 3994 edd.
1132 3945 1284 4008 superiores.

189 4026 229 4078 ne
247 4026 432 4104 permutatione
451 4024 502 4076 vid.
524 4025 587 4077 inira
607 4026 639 4078 ud
658 4018 700 4079 lii.
720 4029 743 4078 7.
770 4030 794 4093 §.
813 4028 856 4080 ts.
881 4044 907 4096 p.
927 4029 1012 4080 1921.
1033 4037 1095 4082 extr.
1132 4027 1233 4080 Deinde
1257 4034 1286 4082 in

187 4120 325 4182 peccatum
340 4113 469 4166 incidisse
482 4109 544 4164 Bab.
576 4111 627 4165 Sed
646 4129 698 4166 uon
717 4130 781 4182 opus
801 4123 840 4166 cst
858 4117 996 4184 praeposit.
1010 4119 1038 4168 in
1056 4124 1116 4168 anto
1132 4127 1284 4186 peccatum

179 4196 344 4258 construbur
367 4197 435 4250 cuius
458 4212 484 4252 v.
503 4201 620 4258 incidere
643 4215 694 4254 uon
718 4203 802 4256 coium
819 4217 841 4254 *a
864 4205 964 4275 poetis,
992 4203 1039 4257 sed
1063 4205 1138 4258 etiam
1158 4219 1172 4257 a
1190 4217 1284 4275 prosae
