2932 4700
201 340 245 406 aa
395 371 400 380 .
449 410 452 420 ,
647 339 672 392 s.
690 337 847 394 nnnaosn

172 457 177 596 1
201 497 339 578 flebitis!
370 499 409 563 ait
432 497 588 577 dominus3
610 496 638 584 ¹)
670 507 700 562 et
721 517 778 564 nos
800 500 918 563 ridendi
940 502 1091 578 materiam
1111 500 1301 582 lequirimus,

173 599 178 668 ἱ
200 620 232 679 ut
246 613 441 679 hio'ridentes
465 614 525 677 illio
548 615 695 678 lleamus‘l
731 615 807 678 ‘Non
826 615 922 678 solum
943 614 1095 697 profusos,
1119 615 1173 680 sed
1193 632 1299 680 ornnes

92 802 101 826 Ι
200 729 288 792 etiam
310 729 395 793 iocos
419 728 611 793 declinandos
643 729 786 809 arbitror,
817 729 875 791 nisi
899 728 977 792 forte
999 729 1118 810 plenum
1147 731 1298 799 suminus

199 849 229 906 et
252 842 367 927 gratiae
389 860 560 906 sermonem
584 859 670 922 esse,
693 851 753 905 non
777 842 952 906 indecorum
975 851 1029 906 est.

242 965 244 978 ·
289 954 359 1020 104.
403 957 477 1018 Nam
516 956 554 1018 de
584 975 661 1020 voce
692 957 763 1039 quid
792 958 913 1038 loquar,
948 976 1036 1038 quam
1071 959 1234 1042 simplicem
1268 965 1298 1024 et

197 1089 301 1152 puram
324 1088 392 1134 esse
415 1071 488 1133 satis
518 1071 663 1148 arbitror3
698 1089 838 1136 canoram
867 1079 964 1135 antem
996 1090 1065 1136 esse
1095 1080 1219 1136 naturae
1242 1078 1298 1152 est,

196 1202 258 1248 non
288 1183 461 1246 industriae.
515 1183 558 1249 Sit
587 1202 660 1247 sane
693 1185 829 1247 distincta
863 1186 1113 1266 pronuntiationis
1143 1185 1234 1248 modo
1267 1191 1298 1248 et

158 1281 171 1478 N
197 1299 285 1381 plena
309 1299 373 1361 suci
396 1298 505 1379 virilis,
537 1305 570 1362 ut
592 1306 744 1381 agrestem
767 1318 803 1362 ac
826 1301 1024 1364 subrusticum
1056 1298 1149 1381 fugiat
1180 1316 1296 1378 sonum,

196 1430 257 1476 non
280 1417 313 1475 ut
334 1411 502 1494 rhythmum
525 1410 655 1474 adfectet
677 1412 837 1492 scenicum,
862 1410 916 1474 sed
940 1411 1094 1494 mysticum
1117 1417 1228 1474 servet.

573 1647 754 1716 CAPUT
789 1645 915 1715 XXIV.

195 1811 252 1866 Tria
272 1816 297 1866 in
315 1814 384 1867 vitae
404 1815 502 1867 actibus
520 1815 694 1880 observanda,
714 1815 831 1865 nimirum
850 1823 877 1866 ut
895 1817 986 1867 rationi
1005 1817 1131 1882 appetitus
1149 1814 1294 1878 subiciatur,

196 1903 267 1953 utin
286 1903 375 1954 studiis
396 1903 461 1955 iusta
480 1910 596 1954 servetur
614 1903 773 1967 moderatio,
802 1901 914 1971 denique
933 1912 960 1954 ut
979 1920 1026 1955 suo
1045 1918 1161 1970 quaeque
1179 1908 1294 1970 tempore

194 1998 269 2058 atque
293 1990 382 2042 ordine
406 1998 532 2058 gerantur.
570 1990 642 2054 Quae
665 1991 750 2041 omnia
771 1991 796 2040 in
824 1992 919 2042 sanctis
945 1991 1040 2042 veteris
1067 1991 1210 2040 testamenti
1234 1987 1293 2041 viris

194 2077 260 2130 adeo
286 2077 491 2146 praefulserunt,
521 2086 548 2128 nt
575 2077 733 2130 manifestum
760 2077 792 2128 sit
818 2093 863 2130 eos
890 2075 1074 2142 cardinalibus,
1102 2091 1165 2145 quas
1192 2083 1292 2140 vocant,

482 2165 614 2219 virtutibus
634 2167 737 2236 egregie
758 2167 893 2219 instructos
911 2165 999 2218 luisse.

186 2363 188 2370 ⁴
283 2324 353 2391 105.
398 2326 443 2388 De
475 2327 592 2389 ratione
627 2327 745 2390 dicendi
778 2328 850 2390 satis
885 2326 993 2389 dictum
1026 2332 1115 2409 puto,
1148 2343 1228 2387 nunc
1256 2323 1293 2386 de

195 2441 313 2504 actione
341 2440 421 2502 vitae
456 2439 525 2519 quid
559 2435 708 2522 congruat
742 2439 976 2503 consideremus.
1034 2439 1101 2501 Tria
1135 2446 1232 2501 autern
1263 2437 1294 2500 in

195 2552 253 2615 hoc
276 2569 392 2635 genere
423 2549 583 2631 spectanda
616 2552 784 2613 cernimus:
817 2569 924 2630 unum,
957 2558 989 2613 ut
1011 2551 1118 2614 rationi
1146 2549 1292 2631 appetitus

193 2681 255 2727 non
277 2663 458 2738 reluctatum
491 2661 550 2724 hoo
583 2662 660 2724 enim
690 2661 876 2724 solummodo
906 2670 1033 2743 possunt
1065 2663 1162 2726 officia
1192 2640 1293 2726 nostra

192 2776 235 2840 illi
258 2775 371 2840 decoro
393 2775 566 2838 convenire.
612 2774 642 2840 Si
659 2777 736 2838 enim
753 2775 900 2856 appetitus
916 2775 1024 2838 rationi
1047 2776 1182 2856 obediat,
1207 2777 1293 2840 facile

192 2888 231 2968 id,
255 2888 336 2968 quod
353 2887 467 2967 deceat,
490 2889 521 2949 in
541 2888 676 2950 omnibns
700 2887 806 2951 ciliciis
827 2889 1002 2952 conservari
1025 2896 1131 2970 potest.
1177 2888 1293 2952 Deinde

192 3019 231 3064 ne
257 3002 370 3064 maiore
403 3001 517 3082 studio,
535 2981 636 3082 'quam
665 3020 715 3065 res
746 3003 810 3084 ipsa
843 3008 904 3082 est,
935 3021 1012 3084 quae
1036 3004 1213 3086 suscipitur,
1244 3003 1292 3067 vel

192 3116 323 3194 minore,
355 3123 405 3178 aut
426 3133 548 3196 parvam
579 3133 688 3198 magno
716 3117 825 3179 ambitu
856 3117 1045 3197 suscepisse,
1078 3123 1127 3180 aut
1156 3135 1292 3200 magnam

193 3229 336 3293 inferiore
364 3228 536 3292 destituisse
562 3230 724 3293 videamur.
771 3230 902 3293 Tertium
930 3230 967 3293 de
992 3229 1197 3294 moderatione
1224 3237 1291 3294 stu-

193 3343 310 3407 diorum
326 3359 512 3425 operumque
533 3349 719 3423 nostrorum,
745 3344 782 3406 de
806 3343 910 3406 ordine
934 3362 1055 3424 quoque
1078 3362 1178 3408 rerum
1201 3349 1230 3406 et
1253 3342 1291 3404 de

193 3455 395 3537 oportunitate
420 3464 586 3538 temporum
608 3473 669 3518 non
692 3455 936 3519 dissimulandum
957 3461 1038 3537 puto.

278 3565 353 3632 106.
398 3566 458 3633 Sed
480 3568 605 3650 primum
635 3567 707 3630 illud
730 3569 814 3648 quasi
839 3565 1059 3631 fundamentum
1083 3575 1130 3631 est
1150 3569 1289 3647 omnium,

192 3685 225 3743 ut
252 3680 399 3761 appetitus
428 3681 537 3743 rationi
564 3686 683 3761 pareat;
718 3679 883 3744 seeundum
912 3688 942 3744 et
971 3682 1089 3744 tertium
1123 3680 1201 3742 idem
1233 3686 1289 3759 est,

192 3791 250 3854 hoc
273 3795 334 3870 est,
361 3793 392 3853 in
413 3799 541 3873 utroque
564 3793 738 3858 moderatio.
784 3795 875 3856 Vacat
897 3795 974 3857 enim
997 3793 1075 3876 apud
1098 3812 1155 3858 nos
1177 3792 1291 3876 speciei

191 3902 339 3983 liberalis,
362 3921 440 3984 quae
462 3905 649 3985 pulchritudo
672 3905 814 3986 habetur,
843 3913 873 3968 et
895 3906 1045 3990 dignitatis
1069 3907 1289 3991 contemplatio.

262 4145 290 4213 1)
307 4143 367 4199 lue.
385 4145 412 4212 6,
429 4142 472 4200 at.
