2932 4700
585 339 780 396 maranno.
1193 345 1234 414 xp

98 523 198 588 fonte
228 525 367 604 uterque
389 521 466 586 tiber
488 521 612 586 textam
635 519 772 584 videatur
779 539 788 596 ;
811 518 865 584 aed
885 521 1074 586 comentibus
1088 523 1233 605 proximis

99 642 261 706 saeculis
294 643 430 708 homines
462 643 546 707 acioli
578 649 609 705 et
640 642 828 725 glossatorea
860 647 972 706 textum
1004 643 1116 708 codicia
1149 647 1234 710 iatius

102 767 229 830 mirum
260 765 291 829 in
315 763 674 849 monendomum,
706 781 871 848 eorumque
898 766 1044 830 lectiones
1073 783 1232 850 perversas

102 885 240 950 librarii
267 891 437 953 ceterorum
460 887 596 952 codicum
619 887 841 976 Monacensium
865 888 1039 970 pierumque
1066 889 1144 952 bona
1174 889 1233 954 tide

104 1010 137 1072 in
178 1008 333 1074 ordinem
361 1018 552 1094 receperunt
598 1009 735 1095 ttapnam
765 1009 983 1074 similitudinem
1014 1009 1123 1074 habent
1146 1010 1233 1076 ttbcti

106 1132 223 1213 iisque
259 1149 351 1216 saepe
383 1132 577 1215 adstipulatur
607 1129 655 1196 nr.
702 1131 747 1194 En
777 1131 824 1196 aa
856 1129 1035 1214 descriptum
1066 1153 1082 1195 a
1113 1129 1234 1196 Batoae

110 1271 191 1316 esse
221 1254 276 1317 Me
298 1254 366 1317 tuce
389 1255 498 1318 otarius
522 1259 576 1318 eat

216 1375 269 1439 An
291 1377 337 1440 his
360 1377 501 1442 differunt
523 1376 644 1442 codices
665 1371 958 1462 Bamberpenses⁶)‚
982 1395 1069 1458 quos,
1093 1381 1123 1440 ut
1146 1392 1233 1458 qnam

116 1499 355 1562 accuratissime
378 1497 520 1563 conferre
544 1517 673 1582 possem,
696 1498 748 1563 Vir
768 1498 956 1562 doctissimus
974 1498 1108 1560 Mictoet
1121 1498 1233 1578 Steny-

116 1617 259 1696 teim'ue,
283 1619 486 1685 Bibliothecae
505 1621 733 1704 Bambergcnsia
756 1619 939 1700 Praefectus,
962 1621 1172 1684 humanissime
1197 1618 1232 1681 ad

120 1757 174 1801 me
202 1740 291 1820 misit,
315 1743 412 1806 moitis
435 1743 510 1807 locis
533 1743 738 1826 discrepantes
761 1743 811 1805 vet
835 1759 939 1805 omnes
958 1742 1006 1805 vet
1023 1759 1099 1805 unus
1115 1749 1145 1804 et
1160 1741 1234 1804 atter

123 1868 157 1922 et
189 1864 307 1944 proprii
338 1865 447 1947 aliquid
481 1874 570 1949 atque
601 1866 710 1930 ceteris
742 1865 846 1930 melius
880 1865 927 1928 hic
958 1864 1016 1929 ittio
1046 1864 1232 1928 exhibentes.

126 1983 246 2049 Eorum
269 1987 491 2066 antiquissimus
514 2007 576 2053 non
599 1997 681 2053 caret
704 1989 836 2067 lacunis,
869 2007 926 2052 nec
951 2005 1061 2071 paucas
1089 1987 1233 2050 lectiones

127 2125 242 2187 pravas
264 2110 409 2173 immiscet
431 2113 527 2177 bonis.
565 2113 606 2176 Bo
629 2131 691 2178 non
713 2131 784 2177 raro
808 2112 983 2195 conspirans
1006 2129 1071 2173 cum
1088 2109 1125 2170 W
1142 2116 1170 2170 et
1187 2108 1233 2171 Ma

66 2299 70 2308 ¹
130 2236 267 2293 veterem
296 2233 472 2316 scripturam
501 2237 640 2298 servavit
686 2235 759 2298 Cum
788 2235 833 2296 his
862 2234 946 2297 libris
969 2231 1143 2312 frequenter
1165 2231 1234 2293 tacit

133 2351 185 2412 ed.
209 2350 410 2437 Coloniensis‚
443 2376 520 2440 quae
551 2377 590 2421 ex
620 2357 708 2422 simili
738 2356 822 2422 ionto
850 2356 997 2440 originem
1026 2354 1115 2417 traxit
1124 2401 1138 2450 ².
1164 2354 1232 2416 item

134 2473 376 2542 Mediolanensis.
429 2523 431 2526 -

632 2807 637 2811 ,
659 2739 707 2804 tv.

599 2891 768 2966 tuitiones.

137 3085 239 3150 Coton.
265 3113 303 3144 ·:
327 3089 356 3153 S.
379 3089 398 3151 l.
422 3096 452 3151 et
474 3109 499 3151 a.
529 3086 692 3172 (Coloniae
721 3107 746 3150 e.
771 3108 796 3152 a.
823 3086 905 3155 1466
936 3091 1098 3153 litterarum
1129 3089 1233 3153 formis

35 3179 36 3184 ἵ
189 3265 192 3271 Α
245 3228 389 3292 expressa
413 3211 448 3273 ab
473 3210 571 3274 Udatr.
596 3208 688 3294 Zeti.)
712 3212 740 3272 iu
765 3207 794 3272 4.

137 3327 213 3391 nee.
239 3357 277 3387 =
303 3331 366 3394 vit.
392 3349 490 3414 supra.

137 3452 255 3513 Ameria.
283 3477 320 3508 =
347 3455 376 3516 S.
400 3454 549 3518 Anthrosii
572 3454 646 3538 Opp.
678 3455 764 3518 east.
796 3474 840 3536 ep.
866 3454 1101 3517 Amesbaehium.
1141 3447 1232 3514 1492.

244 3576 272 3634 in
299 3573 347 3636 iot.
395 3577 476 3639 Tom.
500 3575 520 3637 1.

138 3687 247 3754 Erasm.
273 3717 311 3748 π
338 3696 400 3756 vm.
425 3715 522 3780 supra.

141 3825 149 3832 a
157 3827 342 3840 ·-—.—----...

206 3900 236 3966 6)
259 3899 315 3952 vit.
340 3904 421 3956 itenr.
446 3908 532 3958 tacit.
555 3908 647 3962 eacan.
673 3906 777 3970 tibrum,
806 3906 846 3956 eui
870 3902 953 3956 titulus
978 3911 1032 3958 eat:
1063 3903 1232 3972 Vottattindiga

141 3983 330 4126 ggscgsgeibuup
348 3989 396 4042 der
413 3991 578 4048 offenttictnen
598 3991 740 4048 Bibliothek
763 4008 794 4046 au
814 3990 945 4060 Bamberg.
975 3989 1001 4041 P.
1017 3989 1034 4040 l.
1056 4007 1079 4060 p.
1095 3991 1118 4044 9.
1140 4007 1176 4088 nr.
1191 3993 1231 4042 47.
