<?xml version="1.0" encoding="UTF-8"?>
<!DOCTYPE html PUBLIC "-//W3C//DTD XHTML 1.0 Transitional//EN"
    "http://www.w3.org/TR/xhtml1/DTD/xhtml1-transitional.dtd">
<html xmlns="http://www.w3.org/1999/xhtml" xml:lang="en" lang="en">
 <head>
  <title>
</title>
<meta http-equiv="Content-Type" content="text/html;charset=utf-8" />
  <meta name='ocr-system' content='tesseract 3.04.00' />
  <meta name='ocr-capabilities' content='ocr_page ocr_carea ocr_par ocr_line ocrx_word'/>
</head>
<body>
  <div class='ocr_page' id='page_1' title='image "./deofficiisminis01krabgoog_0153.png"; bbox 0 0 2976 4706; ppageno 0'>
   <div class='ocr_carea' id='block_1_1' title="bbox 242 357 884 432">
    <p class='ocr_par' dir='ltr' id='par_1_1' title="bbox 242 357 884 432">
     <span class='ocr_line' id='line_1_1' title="bbox 242 357 884 432; baseline -0.011 -15"><span class='ocrx_word' id='word_1_1' title='bbox 242 365 304 432; x_wconf 77' lang='lat'><strong>144</strong></span> <span class='ocrx_word' id='word_1_2' title='bbox 685 359 710 413; x_wconf 90' lang='lat' dir='ltr'><strong>s.</strong></span> <span class='ocrx_word' id='word_1_3' title='bbox 730 357 884 412; x_wconf 83' lang='lat' dir='ltr'><strong>nnunosn</strong></span> 
     </span>
    </p>
   </div>
   <div class='ocr_carea' id='block_1_2' title="bbox 241 516 1335 2876">
    <p class='ocr_par' dir='ltr' id='par_1_2' title="bbox 241 516 1330 702">
     <span class='ocr_line' id='line_1_2' title="bbox 241 516 1330 606; baseline -0.009 -18"><span class='ocrx_word' id='word_1_4' title='bbox 241 523 426 588; x_wconf 90' lang='lat' dir='ltr'><strong>tumeliosum</strong></span> <span class='ocrx_word' id='word_1_5' title='bbox 457 542 517 586; x_wconf 93' lang='lat' dir='ltr'><strong>non</strong></span> <span class='ocrx_word' id='word_1_6' title='bbox 547 522 641 606; x_wconf 82' lang='lat' dir='ltr'><strong>fugiat</strong></span> <span class='ocrx_word' id='word_1_7' title='bbox 670 527 700 584; x_wconf 87' lang='lat' dir='ltr'><strong>et</strong></span> <span class='ocrx_word' id='word_1_8' title='bbox 729 520 764 584; x_wconf 89' lang='lat' dir='ltr'><strong>ad</strong></span> <span class='ocrx_word' id='word_1_9' title='bbox 797 517 962 584; x_wconf 87' lang='lat' dir='ltr'><strong>nocendum</strong></span> <span class='ocrx_word' id='word_1_10' title='bbox 993 519 1142 600; x_wconf 79' lang='lat' dir='ltr'><strong>paratum3</strong></span> <span class='ocrx_word' id='word_1_11' title='bbox 1175 516 1240 599; x_wconf 84' lang='lat' dir='ltr'><strong>quis</strong></span> <span class='ocrx_word' id='word_1_12' title='bbox 1270 533 1330 578; x_wconf 91' lang='lat' dir='ltr'><strong>non</strong></span> 
     </span>
     <span class='ocr_line' id='line_1_3' title="bbox 242 635 708 702; baseline -0.013 0"><span class='ocrx_word' id='word_1_13' title='bbox 242 657 308 702; x_wconf 91' lang='lat' dir='ltr'><strong>eum</strong></span> <span class='ocrx_word' id='word_1_14' title='bbox 332 638 410 702; x_wconf 91' lang='lat' dir='ltr'><strong>omni</strong></span> <span class='ocrx_word' id='word_1_15' title='bbox 432 637 530 701; x_wconf 80' lang='lat' dir='ltr'><strong>studIo</strong></span> <span class='ocrx_word' id='word_1_16' title='bbox 553 635 708 700; x_wconf 78' lang='lat' dir='ltr'><strong>decHnet‘l</strong></span> 
     </span>
    </p>

    <p class='ocr_par' dir='ltr' id='par_1_3' title="bbox 242 747 1332 1286">
     <span class='ocr_line' id='line_1_4' title="bbox 328 747 1331 834; baseline -0.006 -18"><span class='ocrx_word' id='word_1_17' title='bbox 328 749 377 816; x_wconf 85' lang='lat' dir='ltr'><strong>dl.</strong></span> <span class='ocrx_word' id='word_1_18' title='bbox 424 753 496 826; x_wconf 79' lang='lat' dir='ltr'><strong>Quis</strong></span> <span class='ocrx_word' id='word_1_19' title='bbox 530 769 603 816; x_wconf 90' lang='lat' dir='ltr'><strong>vero</strong></span> <span class='ocrx_word' id='word_1_20' title='bbox 638 751 771 834; x_wconf 86' lang='lat' dir='ltr'><strong>quamvls</strong></span> <span class='ocrx_word' id='word_1_21' title='bbox 805 749 977 813; x_wconf 89' lang='lat' dir='ltr'><strong>instructum</strong></span> <span class='ocrx_word' id='word_1_22' title='bbox 1012 747 1057 814; x_wconf 79' lang='lat' dir='ltr'><strong>ad.</strong></span> <span class='ocrx_word' id='word_1_23' title='bbox 1084 747 1200 812; x_wconf 89' lang='lat' dir='ltr'><strong>consilii</strong></span> <span class='ocrx_word' id='word_1_24' title='bbox 1234 764 1331 829; x_wconf 89' lang='lat' dir='ltr'><strong>opem,</strong></span> 
     </span>
     <span class='ocr_line' id='line_1_5' title="bbox 242 860 1331 945; baseline -0.007 -15"><span class='ocrx_word' id='word_1_25' title='bbox 242 867 388 930; x_wconf 82' lang='lat' dir='ltr'><strong>difficilem</strong></span> <span class='ocrx_word' id='word_1_26' title='bbox 410 873 506 930; x_wconf 91' lang='lat' dir='ltr'><strong>tamen</strong></span> <span class='ocrx_word' id='word_1_27' title='bbox 528 883 668 944; x_wconf 88' lang='lat' dir='ltr'><strong>accessu,</strong></span> <span class='ocrx_word' id='word_1_28' title='bbox 691 864 814 943; x_wconf 88' lang='lat' dir='ltr'><strong>ambiat,</strong></span> <span class='ocrx_word' id='word_1_29' title='bbox 838 864 867 926; x_wconf 95' lang='lat' dir='ltr'><strong>in</strong></span> <span class='ocrx_word' id='word_1_30' title='bbox 890 882 950 945; x_wconf 89' lang='lat' dir='ltr'><strong>quo</strong></span> <span class='ocrx_word' id='word_1_31' title='bbox 972 864 1010 925; x_wconf 87' lang='lat' dir='ltr'><strong>sit</strong></span> <span class='ocrx_word' id='word_1_32' title='bbox 1032 860 1113 940; x_wconf 86' lang='lat' dir='ltr'><strong>illud,</strong></span> <span class='ocrx_word' id='word_1_33' title='bbox 1136 869 1282 942; x_wconf 89' lang='lat' dir='ltr'><strong>tamquam</strong></span> <span class='ocrx_word' id='word_1_34' title='bbox 1305 862 1331 924; x_wconf 89' lang='lat' dir='ltr'><strong>si</strong></span> 
     </span>
     <span class='ocr_line' id='line_1_6' title="bbox 243 974 1332 1062; baseline -0.006 -19"><span class='ocrx_word' id='word_1_35' title='bbox 243 983 292 1062; x_wconf 91' lang='lat' dir='ltr'><strong>qui</strong></span> <span class='ocrx_word' id='word_1_36' title='bbox 322 999 416 1061; x_wconf 86' lang='lat' dir='ltr'><strong>aquae</strong></span> <span class='ocrx_word' id='word_1_37' title='bbox 450 979 561 1042; x_wconf 86' lang='lat' dir='ltr'><strong>iontem</strong></span> <span class='ocrx_word' id='word_1_38' title='bbox 595 977 793 1062; x_wconf 76' lang='lat' dir='ltr'>praecludat?</span> <span class='ocrx_word' id='word_1_39' title='bbox 844 977 920 1052; x_wconf 80' lang='lat' dir='ltr'><strong>Ouid</strong></span> <span class='ocrx_word' id='word_1_40' title='bbox 954 977 1031 1039; x_wconf 91' lang='lat' dir='ltr'><strong>enim</strong></span> <span class='ocrx_word' id='word_1_41' title='bbox 1065 975 1188 1056; x_wconf 88' lang='lat' dir='ltr'><strong>prodest</strong></span> <span class='ocrx_word' id='word_1_42' title='bbox 1220 974 1332 1038; x_wconf 88' lang='lat' dir='ltr'><strong>hahere</strong></span> 
     </span>
     <span class='ocr_line' id='line_1_7' title="bbox 242 1087 1332 1174; baseline -0.007 -16"><span class='ocrx_word' id='word_1_43' title='bbox 242 1092 429 1174; x_wconf 72' lang='lat' dir='ltr'><strong>sapientiam,</strong></span> <span class='ocrx_word' id='word_1_44' title='bbox 462 1092 487 1154; x_wconf 89' lang='lat' dir='ltr'><strong>si</strong></span> <span class='ocrx_word' id='word_1_45' title='bbox 520 1091 674 1154; x_wconf 92' lang='lat' dir='ltr'><strong>consilium</strong></span> <span class='ocrx_word' id='word_1_46' title='bbox 708 1091 830 1173; x_wconf 79' lang='lat' dir='ltr'><strong>neges?</strong></span> <span class='ocrx_word' id='word_1_47' title='bbox 882 1089 912 1151; x_wconf 87' lang='lat' dir='ltr'><strong>Si</strong></span> <span class='ocrx_word' id='word_1_48' title='bbox 947 1087 1121 1152; x_wconf 83' lang='lat' dir='ltr'><strong>consulendi</strong></span> <span class='ocrx_word' id='word_1_49' title='bbox 1152 1087 1332 1151; x_wconf 76' lang='lat' dir='ltr'><strong>intercludas</strong></span> 
     </span>
     <span class='ocr_line' id='line_1_8' title="bbox 243 1201 1296 1286; baseline -0.005 -18"><span class='ocrx_word' id='word_1_50' title='bbox 243 1206 366 1286; x_wconf 87' lang='lat' dir='ltr'><strong>copiam,</strong></span> <span class='ocrx_word' id='word_1_51' title='bbox 389 1204 520 1266; x_wconf 76' lang='lat' dir='ltr'><strong>clausisti</strong></span> <span class='ocrx_word' id='word_1_52' title='bbox 542 1204 664 1284; x_wconf 91' lang='lat' dir='ltr'><strong>lontem,</strong></span> <span class='ocrx_word' id='word_1_53' title='bbox 688 1209 718 1266; x_wconf 89' lang='lat' dir='ltr'><strong>ut</strong></span> <span class='ocrx_word' id='word_1_54' title='bbox 741 1222 797 1266; x_wconf 90' lang='lat' dir='ltr'><strong>nec</strong></span> <span class='ocrx_word' id='word_1_55' title='bbox 819 1202 883 1264; x_wconf 90' lang='lat' dir='ltr'><strong>aliis</strong></span> <span class='ocrx_word' id='word_1_56' title='bbox 906 1202 1017 1281; x_wconf 85' lang='lat' dir='ltr'><strong>lnlluat,</strong></span> <span class='ocrx_word' id='word_1_57' title='bbox 1040 1220 1097 1266; x_wconf 87' lang='lat' dir='ltr'><strong>nec</strong></span> <span class='ocrx_word' id='word_1_58' title='bbox 1119 1202 1170 1265; x_wconf 93' lang='lat' dir='ltr'><strong>tihi</strong></span> <span class='ocrx_word' id='word_1_59' title='bbox 1193 1201 1296 1283; x_wconf 88' lang='lat' dir='ltr'><strong>prosit.</strong></span> 
     </span>
    </p>

    <p class='ocr_par' dir='ltr' id='par_1_4' title="bbox 244 1317 1334 2421">
     <span class='ocr_line' id='line_1_9' title="bbox 329 1317 1332 1399; baseline -0.008 -15"><span class='ocrx_word' id='word_1_60' title='bbox 329 1318 379 1384; x_wconf 81' lang='lat'><strong>62.</strong></span> <span class='ocrx_word' id='word_1_61' title='bbox 423 1318 549 1382; x_wconf 81' lang='lat' dir='ltr'><strong>Pulchre</strong></span> <span class='ocrx_word' id='word_1_62' title='bbox 571 1326 668 1384; x_wconf 90' lang='lat' dir='ltr'><strong>autem</strong></span> <span class='ocrx_word' id='word_1_63' title='bbox 691 1325 721 1381; x_wconf 89' lang='lat' dir='ltr'><strong>et</strong></span> <span class='ocrx_word' id='word_1_64' title='bbox 744 1317 782 1381; x_wconf 92' lang='lat' dir='ltr'><strong>de</strong></span> <span class='ocrx_word' id='word_1_65' title='bbox 804 1318 854 1382; x_wconf 96' lang='lat' dir='ltr'><strong>illo</strong></span> <span class='ocrx_word' id='word_1_66' title='bbox 878 1317 1026 1397; x_wconf 85' lang='lat' dir='ltr'><strong>convenit,</strong></span> <span class='ocrx_word' id='word_1_67' title='bbox 1049 1317 1099 1399; x_wconf 89' lang='lat' dir='ltr'><strong>qui</strong></span> <span class='ocrx_word' id='word_1_68' title='bbox 1122 1317 1235 1380; x_wconf 89' lang='lat' dir='ltr'><strong>hahens</strong></span> <span class='ocrx_word' id='word_1_69' title='bbox 1257 1331 1332 1396; x_wconf 90' lang='lat' dir='ltr'><strong>pru-</strong></span> 
     </span>
     <span class='ocr_line' id='line_1_10' title="bbox 244 1428 1331 1510; baseline -0.007 -14"><span class='ocrx_word' id='word_1_70' title='bbox 244 1433 369 1496; x_wconf 88' lang='lat' dir='ltr'><strong>dentiam</strong></span> <span class='ocrx_word' id='word_1_71' title='bbox 398 1431 590 1496; x_wconf 79' lang='lat' dir='ltr'><strong>commaculat</strong></span> <span class='ocrx_word' id='word_1_72' title='bbox 619 1449 683 1494; x_wconf 86' lang='lat' dir='ltr'><strong>earn</strong></span> <span class='ocrx_word' id='word_1_73' title='bbox 713 1430 850 1493; x_wconf 91' lang='lat' dir='ltr'><strong>vitiorum</strong></span> <span class='ocrx_word' id='word_1_74' title='bbox 879 1428 1035 1509; x_wconf 87' lang='lat' dir='ltr'><strong>sordibus,</strong></span> <span class='ocrx_word' id='word_1_75' title='bbox 1066 1447 1104 1494; x_wconf 89' lang='lat' dir='ltr'><strong>eo</strong></span> <span class='ocrx_word' id='word_1_76' title='bbox 1129 1428 1210 1510; x_wconf 82' lang='lat' dir='ltr'><strong>quod</strong></span> <span class='ocrx_word' id='word_1_77' title='bbox 1238 1445 1331 1510; x_wconf 78' lang='lat' dir='ltr'><strong>aquae</strong></span> 
     </span>
     <span class='ocr_line' id='line_1_11' title="bbox 244 1540 1332 1629; baseline -0.007 -17"><span class='ocrx_word' id='word_1_78' title='bbox 244 1549 354 1612; x_wconf 84' lang='lat' dir='ltr'><strong>exitum</strong></span> <span class='ocrx_word' id='word_1_79' title='bbox 377 1547 563 1612; x_wconf 88' lang='lat' dir='ltr'><strong>contaminet.</strong></span> <span class='ocrx_word' id='word_1_80' title='bbox 608 1543 784 1629; x_wconf 77' lang='lat' dir='ltr'><strong>Degeneres</strong></span> <span class='ocrx_word' id='word_1_81' title='bbox 808 1546 920 1608; x_wconf 91' lang='lat' dir='ltr'><strong>animos</strong></span> <span class='ocrx_word' id='word_1_82' title='bbox 943 1546 1003 1606; x_wconf 89' lang='lat' dir='ltr'><strong>vita</strong></span> <span class='ocrx_word' id='word_1_83' title='bbox 1026 1544 1131 1626; x_wconf 80' lang='lat' dir='ltr'><strong>arguit.</strong></span> <span class='ocrx_word' id='word_1_84' title='bbox 1175 1540 1332 1618; x_wconf 80' lang='lat' dir='ltr'><strong>Quomodo</strong></span> 
     </span>
     <span class='ocr_line' id='line_1_12' title="bbox 244 1655 1333 1742; baseline -0.001 -18"><span class='ocrx_word' id='word_1_85' title='bbox 244 1661 321 1724; x_wconf 89' lang='lat' dir='ltr'><strong>enim</strong></span> <span class='ocrx_word' id='word_1_86' title='bbox 350 1679 416 1723; x_wconf 92' lang='lat' dir='ltr'><strong>eum</strong></span> <span class='ocrx_word' id='word_1_87' title='bbox 446 1666 530 1742; x_wconf 88' lang='lat' dir='ltr'><strong>potes</strong></span> <span class='ocrx_word' id='word_1_88' title='bbox 558 1658 689 1722; x_wconf 86' lang='lat' dir='ltr'><strong>iudicare</strong></span> <span class='ocrx_word' id='word_1_89' title='bbox 719 1657 844 1722; x_wconf 91' lang='lat' dir='ltr'><strong>consilio</strong></span> <span class='ocrx_word' id='word_1_90' title='bbox 875 1659 1079 1741; x_wconf 90' lang='lat' dir='ltr'><strong>superiorem,</strong></span> <span class='ocrx_word' id='word_1_91' title='bbox 1113 1676 1202 1738; x_wconf 83' lang='lat' dir='ltr'><strong>quem</strong></span> <span class='ocrx_word' id='word_1_92' title='bbox 1231 1655 1333 1723; x_wconf 83' lang='lat' dir='ltr'><strong>videas</strong></span> 
     </span>
     <span class='ocr_line' id='line_1_13' title="bbox 244 1769 1333 1852; baseline -0.003 -17"><span class='ocrx_word' id='word_1_93' title='bbox 244 1772 416 1835; x_wconf 88' lang='lat' dir='ltr'><strong>inleriorem</strong></span> <span class='ocrx_word' id='word_1_94' title='bbox 439 1772 598 1834; x_wconf 86' lang='lat' dir='ltr'><strong>moribus?</strong></span> <span class='ocrx_word' id='word_1_95' title='bbox 636 1769 730 1852; x_wconf 91' lang='lat' dir='ltr'><strong>Supra</strong></span> <span class='ocrx_word' id='word_1_96' title='bbox 753 1790 800 1832; x_wconf 91' lang='lat' dir='ltr'><strong>me</strong></span> <span class='ocrx_word' id='word_1_97' title='bbox 820 1771 909 1834; x_wconf 90' lang='lat' dir='ltr'><strong>dehet</strong></span> <span class='ocrx_word' id='word_1_98' title='bbox 924 1788 1003 1850; x_wconf 84' lang='lat' dir='ltr'><strong>esse,</strong></span> <span class='ocrx_word' id='word_1_99' title='bbox 1026 1772 1072 1833; x_wconf 90' lang='lat' dir='ltr'><strong>cui</strong></span> <span class='ocrx_word' id='word_1_100' title='bbox 1089 1790 1135 1834; x_wconf 88' lang='lat' dir='ltr'><strong>mc</strong></span> <span class='ocrx_word' id='word_1_101' title='bbox 1151 1771 1333 1834; x_wconf 88' lang='lat' dir='ltr'><strong>committere</strong></span> 
     </span>
     <span class='ocr_line' id='line_1_14' title="bbox 244 1882 1333 1968; baseline -0.005 -19"><span class='ocrx_word' id='word_1_102' title='bbox 244 1905 327 1968; x_wconf 91' lang='lat' dir='ltr'><strong>paro.</strong></span> <span class='ocrx_word' id='word_1_103' title='bbox 371 1885 420 1949; x_wconf 86' lang='lat' dir='ltr'><strong>An</strong></span> <span class='ocrx_word' id='word_1_104' title='bbox 441 1903 515 1948; x_wconf 91' lang='lat' dir='ltr'><strong>vero</strong></span> <span class='ocrx_word' id='word_1_105' title='bbox 538 1883 677 1948; x_wconf 87' lang='lat' dir='ltr'><strong>idoneum</strong></span> <span class='ocrx_word' id='word_1_106' title='bbox 701 1901 766 1944; x_wconf 90' lang='lat' dir='ltr'><strong>cum</strong></span> <span class='ocrx_word' id='word_1_107' title='bbox 789 1883 908 1966; x_wconf 87' lang='lat' dir='ltr'><strong>putabo,</strong></span> <span class='ocrx_word' id='word_1_108' title='bbox 933 1884 983 1964; x_wconf 83' lang='lat' dir='ltr'><strong>qui</strong></span> <span class='ocrx_word' id='word_1_109' title='bbox 1007 1883 1075 1946; x_wconf 91' lang='lat' dir='ltr'><strong>mihi</strong></span> <span class='ocrx_word' id='word_1_110' title='bbox 1098 1884 1147 1946; x_wconf 89' lang='lat' dir='ltr'><strong>det</strong></span> <span class='ocrx_word' id='word_1_111' title='bbox 1169 1882 1333 1960; x_wconf 85' lang='lat' dir='ltr'><strong>consillum,</strong></span> 
     </span>
     <span class='ocr_line' id='line_1_15' title="bbox 245 1996 1333 2083; baseline -0.003 -20"><span class='ocrx_word' id='word_1_112' title='bbox 245 1999 326 2083; x_wconf 85' lang='lat' dir='ltr'><strong>quod</strong></span> <span class='ocrx_word' id='word_1_113' title='bbox 346 2017 406 2062; x_wconf 92' lang='lat' dir='ltr'><strong>non</strong></span> <span class='ocrx_word' id='word_1_114' title='bbox 431 1998 481 2061; x_wconf 88' lang='lat' dir='ltr'><strong>det</strong></span> <span class='ocrx_word' id='word_1_115' title='bbox 502 1999 573 2076; x_wconf 92' lang='lat' dir='ltr'><strong>sihi,</strong></span> <span class='ocrx_word' id='word_1_116' title='bbox 598 2003 627 2060; x_wconf 91' lang='lat' dir='ltr'><strong>et</strong></span> <span class='ocrx_word' id='word_1_117' title='bbox 650 1996 718 2058; x_wconf 92' lang='lat' dir='ltr'><strong>mihi</strong></span> <span class='ocrx_word' id='word_1_118' title='bbox 741 2013 808 2058; x_wconf 90' lang='lat' dir='ltr'><strong>eum</strong></span> <span class='ocrx_word' id='word_1_119' title='bbox 832 2013 939 2060; x_wconf 88' lang='lat' dir='ltr'><strong>vacare</strong></span> <span class='ocrx_word' id='word_1_120' title='bbox 963 1996 1097 2077; x_wconf 90' lang='lat' dir='ltr'><strong>credam,</strong></span> <span class='ocrx_word' id='word_1_121' title='bbox 1120 1999 1170 2078; x_wconf 90' lang='lat' dir='ltr'><strong>qui</strong></span> <span class='ocrx_word' id='word_1_122' title='bbox 1192 1998 1248 2060; x_wconf 92' lang='lat' dir='ltr'><strong>sihi</strong></span> <span class='ocrx_word' id='word_1_123' title='bbox 1272 2015 1333 2061; x_wconf 90' lang='lat' dir='ltr'><strong>non</strong></span> 
     </span>
     <span class='ocr_line' id='line_1_16' title="bbox 245 2110 1334 2194; baseline -0.004 -16"><span class='ocrx_word' id='word_1_124' title='bbox 245 2123 340 2194; x_wconf 84' lang='lat' dir='ltr'><strong>vacet,</strong></span> <span class='ocrx_word' id='word_1_125' title='bbox 363 2113 446 2177; x_wconf 91' lang='lat' dir='ltr'><strong>cuius</strong></span> <span class='ocrx_word' id='word_1_126' title='bbox 471 2112 595 2175; x_wconf 90' lang='lat' dir='ltr'><strong>animum</strong></span> <span class='ocrx_word' id='word_1_127' title='bbox 619 2111 785 2192; x_wconf 84' lang='lat' dir='ltr'><strong>voluptates</strong></span> <span class='ocrx_word' id='word_1_128' title='bbox 804 2119 961 2192; x_wconf 87' lang='lat' dir='ltr'><strong>occupent,</strong></span> <span class='ocrx_word' id='word_1_129' title='bbox 983 2110 1073 2174; x_wconf 90' lang='lat' dir='ltr'><strong>lihido</strong></span> <span class='ocrx_word' id='word_1_130' title='bbox 1089 2113 1235 2192; x_wconf 89' lang='lat' dir='ltr'><strong>devincat,</strong></span> <span class='ocrx_word' id='word_1_131' title='bbox 1258 2129 1334 2176; x_wconf 81' lang='lat' dir='ltr'><strong>aaa·</strong></span> 
     </span>
     <span class='ocr_line' id='line_1_17' title="bbox 245 2223 1333 2310; baseline -0.002 -18"><span class='ocrx_word' id='word_1_132' title='bbox 245 2230 310 2294; x_wconf 86' lang='lat' dir='ltr'><strong>ritia</strong></span> <span class='ocrx_word' id='word_1_133' title='bbox 332 2228 486 2310; x_wconf 79' lang='lat' dir='ltr'><strong>subiugat,</strong></span> <span class='ocrx_word' id='word_1_134' title='bbox 518 2225 660 2308; x_wconf 85' lang='lat' dir='ltr'><strong>cupiditas</strong></span> <span class='ocrx_word' id='word_1_135' title='bbox 683 2227 855 2307; x_wconf 86' lang='lat' dir='ltr'><strong>perturbet,</strong></span> <span class='ocrx_word' id='word_1_136' title='bbox 879 2228 989 2308; x_wconf 84' lang='lat' dir='ltr'><strong>quatiat</strong></span> <span class='ocrx_word' id='word_1_137' title='bbox 1011 2228 1133 2292; x_wconf 79' lang='lat' dir='ltr'><strong>metus?</strong></span> <span class='ocrx_word' id='word_1_138' title='bbox 1177 2223 1333 2301; x_wconf 83' lang='lat' dir='ltr'><strong>Quomodo</strong></span> 
     </span>
     <span class='ocr_line' id='line_1_18' title="bbox 246 2339 879 2421; baseline -0.006 -15"><span class='ocrx_word' id='word_1_139' title='bbox 246 2343 294 2406; x_wconf 90' lang='lat' dir='ltr'><strong>hic</strong></span> <span class='ocrx_word' id='word_1_140' title='bbox 317 2341 432 2407; x_wconf 86' lang='lat' dir='ltr'><strong>consilii</strong></span> <span class='ocrx_word' id='word_1_141' title='bbox 454 2341 548 2419; x_wconf 90' lang='lat' dir='ltr'><strong>locus,</strong></span> <span class='ocrx_word' id='word_1_142' title='bbox 571 2339 620 2402; x_wconf 94' lang='lat' dir='ltr'><strong>uhi</strong></span> <span class='ocrx_word' id='word_1_143' title='bbox 643 2339 740 2402; x_wconf 92' lang='lat' dir='ltr'><strong>nullus</strong></span> <span class='ocrx_word' id='word_1_144' title='bbox 763 2340 879 2421; x_wconf 84' lang='lat' dir='ltr'><strong>quieti?</strong></span> 
     </span>
    </p>

    <p class='ocr_par' dir='ltr' id='par_1_5' title="bbox 247 2450 1335 2876">
     <span class='ocr_line' id='line_1_19' title="bbox 334 2450 1335 2536; baseline -0.006 -16"><span class='ocrx_word' id='word_1_145' title='bbox 334 2453 384 2520; x_wconf 84' lang='lat'><strong>63.</strong></span> <span class='ocrx_word' id='word_1_146' title='bbox 420 2453 618 2518; x_wconf 84' lang='lat' dir='ltr'><strong>Admirandus</strong></span> <span class='ocrx_word' id='word_1_147' title='bbox 636 2452 704 2514; x_wconf 90' lang='lat' dir='ltr'><strong>mihi</strong></span> <span class='ocrx_word' id='word_1_148' title='bbox 720 2458 749 2514; x_wconf 92' lang='lat' dir='ltr'><strong>et</strong></span> <span class='ocrx_word' id='word_1_149' title='bbox 764 2452 970 2534; x_wconf 91' lang='lat' dir='ltr'><strong>suspiciendus</strong></span> <span class='ocrx_word' id='word_1_150' title='bbox 986 2452 1179 2531; x_wconf 88' lang='lat' dir='ltr'><strong>consiliarius,</strong></span> <span class='ocrx_word' id='word_1_151' title='bbox 1193 2450 1223 2536; x_wconf 83' lang='lat'><strong>¹)</strong></span> <span class='ocrx_word' id='word_1_152' title='bbox 1247 2469 1335 2533; x_wconf 89' lang='lat' dir='ltr'><strong>quem</strong></span> 
     </span>
     <span class='ocr_line' id='line_1_20' title="bbox 247 2564 1334 2650; baseline -0.002 -20"><span class='ocrx_word' id='word_1_153' title='bbox 247 2569 391 2650; x_wconf 90' lang='lat' dir='ltr'><strong>propitius</strong></span> <span class='ocrx_word' id='word_1_154' title='bbox 415 2566 548 2630; x_wconf 83' lang='lat' dir='ltr'><strong>dommus</strong></span> <span class='ocrx_word' id='word_1_155' title='bbox 571 2566 701 2647; x_wconf 88' lang='lat' dir='ltr'><strong>patribus</strong></span> <span class='ocrx_word' id='word_1_156' title='bbox 726 2564 813 2644; x_wconf 85' lang='lat' dir='ltr'><strong>dedit,</strong></span> <span class='ocrx_word' id='word_1_157' title='bbox 837 2565 968 2630; x_wconf 81' lang='lat' dir='ltr'><strong>offensus</strong></span> <span class='ocrx_word' id='word_1_158' title='bbox 991 2567 1117 2629; x_wconf 89' lang='lat' dir='ltr'><strong>ahstulit.</strong></span> <span class='ocrx_word' id='word_1_159' title='bbox 1154 2567 1246 2630; x_wconf 91' lang='lat' dir='ltr'><strong>Huius</strong></span> <span class='ocrx_word' id='word_1_160' title='bbox 1264 2567 1334 2630; x_wconf 92' lang='lat' dir='ltr'><strong>imi-</strong></span> 
     </span>
     <span class='ocr_line' id='line_1_21' title="bbox 247 2678 1334 2759; baseline -0.004 -14"><span class='ocrx_word' id='word_1_161' title='bbox 247 2687 325 2745; x_wconf 91' lang='lat' dir='ltr'><strong>tator</strong></span> <span class='ocrx_word' id='word_1_162' title='bbox 347 2679 434 2743; x_wconf 92' lang='lat' dir='ltr'><strong>dehet</strong></span> <span class='ocrx_word' id='word_1_163' title='bbox 457 2695 524 2743; x_wconf 90' lang='lat' dir='ltr'><strong>esse</strong></span> <span class='ocrx_word' id='word_1_164' title='bbox 547 2678 596 2759; x_wconf 90' lang='lat' dir='ltr'><strong>qui</strong></span> <span class='ocrx_word' id='word_1_165' title='bbox 618 2682 716 2759; x_wconf 90' lang='lat' dir='ltr'><strong>potest</strong></span> <span class='ocrx_word' id='word_1_166' title='bbox 739 2679 892 2742; x_wconf 88' lang='lat' dir='ltr'><strong>eonsilium</strong></span> <span class='ocrx_word' id='word_1_167' title='bbox 916 2679 987 2742; x_wconf 91' lang='lat' dir='ltr'><strong>dare</strong></span> <span class='ocrx_word' id='word_1_168' title='bbox 1011 2687 1041 2743; x_wconf 92' lang='lat' dir='ltr'><strong>et</strong></span> <span class='ocrx_word' id='word_1_169' title='bbox 1062 2680 1190 2743; x_wconf 90' lang='lat' dir='ltr'><strong>alienam</strong></span> <span class='ocrx_word' id='word_1_170' title='bbox 1217 2679 1334 2744; x_wconf 89' lang='lat' dir='ltr'><strong>avitiis</strong></span> 
     </span>
     <span class='ocr_line' id='line_1_22' title="bbox 249 2793 1333 2876; baseline 0 -18"><span class='ocrx_word' id='word_1_171' title='bbox 249 2793 398 2859; x_wconf 91' lang='lat' dir='ltr'><strong>custodire</strong></span> <span class='ocrx_word' id='word_1_172' title='bbox 416 2795 611 2876; x_wconf 82' lang='lat' dir='ltr'><strong>prudentium,</strong></span> <span class='ocrx_word' id='word_1_173' title='bbox 634 2795 771 2875; x_wconf 87' lang='lat' dir='ltr'><strong>quoniam</strong></span> <span class='ocrx_word' id='word_1_174' title='bbox 786 2795 857 2858; x_wconf 94' lang='lat' dir='ltr'><strong>nihil</strong></span> <span class='ocrx_word' id='word_1_175' title='bbox 872 2796 1053 2876; x_wconf 89' lang='lat' dir='ltr'><strong>inquinatum</strong></span> <span class='ocrx_word' id='word_1_176' title='bbox 1068 2796 1098 2858; x_wconf 93' lang='lat' dir='ltr'><strong>in</strong></span> <span class='ocrx_word' id='word_1_177' title='bbox 1113 2795 1188 2859; x_wconf 93' lang='lat' dir='ltr'><strong>illam</strong></span> <span class='ocrx_word' id='word_1_178' title='bbox 1203 2795 1333 2858; x_wconf 90' lang='lat' dir='ltr'><strong>incurrit.</strong></span> 
     </span>
    </p>
   </div>
   <div class='ocr_carea' id='block_1_3' title="bbox 644 2991 940 3060">
    <p class='ocr_par' dir='ltr' id='par_1_6' title="bbox 644 2991 940 3060">
     <span class='ocr_line' id='line_1_23' title="bbox 644 2991 940 3060; baseline 0 0"><span class='ocrx_word' id='word_1_179' title='bbox 644 2991 813 3060; x_wconf 81' lang='lat' dir='ltr'><strong>CAPUT</strong></span> <span class='ocrx_word' id='word_1_180' title='bbox 848 2995 940 3060; x_wconf 89' lang='lat' dir='ltr'>XIII.</span> 
     </span>
    </p>
   </div>
   <div class='ocr_carea' id='block_1_4' title="bbox 248 3141 1334 3287">
    <p class='ocr_par' dir='ltr' id='par_1_7' title="bbox 248 3141 1334 3287">
     <span class='ocr_line' id='line_1_24' title="bbox 248 3141 1334 3215; baseline 0.002 -19"><span class='ocrx_word' id='word_1_181' title='bbox 248 3141 382 3196; x_wconf 84' lang='lat' dir='ltr'><strong>Declarata</strong></span> <span class='ocrx_word' id='word_1_182' title='bbox 400 3141 491 3195; x_wconf 86' lang='lat' dir='ltr'><strong>divinis</strong></span> <span class='ocrx_word' id='word_1_183' title='bbox 509 3143 656 3195; x_wconf 86' lang='lat' dir='ltr'><strong>testimoniis</strong></span> <span class='ocrx_word' id='word_1_184' title='bbox 674 3144 811 3211; x_wconf 81' lang='lat' dir='ltr'><strong>sapientiae</strong></span> <span class='ocrx_word' id='word_1_185' title='bbox 837 3143 1022 3212; x_wconf 87' lang='lat' dir='ltr'><strong>pulchritudine</strong></span> <span class='ocrx_word' id='word_1_186' title='bbox 1047 3145 1078 3197; x_wconf 89' lang='lat' dir='ltr'><strong>ud</strong></span> <span class='ocrx_word' id='word_1_187' title='bbox 1102 3147 1257 3215; x_wconf 83' lang='lat' dir='ltr'><strong>prohuudam</strong></span> <span class='ocrx_word' id='word_1_188' title='bbox 1282 3147 1334 3199; x_wconf 87' lang='lat' dir='ltr'><strong>eius</strong></span> 
     </span>
     <span class='ocr_line' id='line_1_25' title="bbox 461 3229 1122 3287; baseline 0.005 -4"><span class='ocrx_word' id='word_1_189' title='bbox 461 3246 517 3283; x_wconf 90' lang='lat' dir='ltr'><strong>cum</strong></span> <span class='ocrx_word' id='word_1_190' title='bbox 535 3229 666 3284; x_wconf 82' lang='lat' dir='ltr'><strong>virtutihus</strong></span> <span class='ocrx_word' id='word_1_191' title='bbox 684 3231 741 3283; x_wconf 86' lang='lat' dir='ltr'><strong>aliis</strong></span> <span class='ocrx_word' id='word_1_192' title='bbox 759 3233 906 3284; x_wconf 87' lang='lat' dir='ltr'><strong>societatem</strong></span> <span class='ocrx_word' id='word_1_193' title='bbox 924 3235 1013 3287; x_wconf 81' lang='lat' dir='ltr'><strong>transit</strong></span> <span class='ocrx_word' id='word_1_194' title='bbox 1032 3235 1122 3286; x_wconf 90' lang='lat' dir='ltr'><strong>oratio.</strong></span> 
     </span>
    </p>
   </div>
   <div class='ocr_carea' id='block_1_5' title="bbox 209 3361 1336 4016">
    <p class='ocr_par' dir='ltr' id='par_1_8' title="bbox 209 3361 1336 4016">
     <span class='ocr_line' id='line_1_26' title="bbox 337 3361 1335 3449; baseline 0.002 -21"><span class='ocrx_word' id='word_1_195' title='bbox 337 3361 386 3428; x_wconf 81' lang='lat' dir='ltr'><strong>ol.</strong></span> <span class='ocrx_word' id='word_1_196' title='bbox 423 3364 496 3440; x_wconf 74' lang='grc' dir='ltr'><strong>θυῖε</strong></span> <span class='ocrx_word' id='word_1_197' title='bbox 518 3364 607 3448; x_wconf 81' lang='lat' dir='ltr'><strong>igitur</strong></span> <span class='ocrx_word' id='word_1_198' title='bbox 629 3371 774 3446; x_wconf 89' lang='lat' dir='ltr'><strong>tamquam</strong></span> <span class='ocrx_word' id='word_1_199' title='bbox 794 3365 876 3429; x_wconf 89' lang='lat' dir='ltr'><strong>vultu</strong></span> <span class='ocrx_word' id='word_1_200' title='bbox 893 3367 1023 3449; x_wconf 90' lang='lat' dir='ltr'><strong>speciem</strong></span> <span class='ocrx_word' id='word_1_201' title='bbox 1039 3367 1187 3449; x_wconf 87' lang='lat' dir='ltr'><strong>praeierat</strong></span> <span class='ocrx_word' id='word_1_202' title='bbox 1201 3365 1335 3449; x_wconf 90' lang='lat' dir='ltr'><strong>pulchri-</strong></span> 
     </span>
     <span class='ocr_line' id='line_1_27' title="bbox 249 3476 1336 3564; baseline 0.002 -22"><span class='ocrx_word' id='word_1_203' title='bbox 249 3476 358 3542; x_wconf 90' lang='lat' dir='ltr'><strong>tudinis</strong></span> <span class='ocrx_word' id='word_1_204' title='bbox 388 3485 419 3540; x_wconf 93' lang='lat' dir='ltr'><strong>et</strong></span> <span class='ocrx_word' id='word_1_205' title='bbox 444 3478 570 3541; x_wconf 82' lang='lat' dir='ltr'><strong>heluInis</strong></span> <span class='ocrx_word' id='word_1_206' title='bbox 601 3479 815 3562; x_wconf 89' lang='lat' dir='ltr'><strong>posterioribus</strong></span> <span class='ocrx_word' id='word_1_207' title='bbox 846 3499 880 3544; x_wconf 91' lang='lat' dir='ltr'><strong>ac</strong></span> <span class='ocrx_word' id='word_1_208' title='bbox 910 3480 1013 3544; x_wconf 90' lang='lat' dir='ltr'><strong>lerinis</strong></span> <span class='ocrx_word' id='word_1_209' title='bbox 1045 3482 1192 3564; x_wconf 79' lang='lat' dir='ltr'><strong>unguibus</strong></span> <span class='ocrx_word' id='word_1_210' title='bbox 1222 3481 1336 3545; x_wconf 91' lang='lat' dir='ltr'><strong>lormae</strong></span> 
     </span>
     <span class='ocr_line' id='line_1_28' title="bbox 250 3591 1335 3679; baseline 0.005 -24"><span class='ocrx_word' id='word_1_211' title='bbox 250 3591 411 3672; x_wconf 90' lang='lat' dir='ltr'><strong>superioris</strong></span> <span class='ocrx_word' id='word_1_212' title='bbox 434 3591 610 3658; x_wconf 89' lang='lat' dir='ltr'><strong>dehonestet</strong></span> <span class='ocrx_word' id='word_1_213' title='bbox 631 3594 771 3679; x_wconf 75' lang='lat' dir='ltr'><strong>gratiam,</strong></span> <span class='ocrx_word' id='word_1_214' title='bbox 804 3612 869 3657; x_wconf 90' lang='lat' dir='ltr'><strong>cum</strong></span> <span class='ocrx_word' id='word_1_215' title='bbox 891 3601 948 3658; x_wconf 87' lang='lat' dir='ltr'><strong>tam</strong></span> <span class='ocrx_word' id='word_1_216' title='bbox 979 3595 1155 3662; x_wconf 91' lang='lat' dir='ltr'><strong>admirabilis</strong></span> <span class='ocrx_word' id='word_1_217' title='bbox 1185 3603 1215 3660; x_wconf 92' lang='lat' dir='ltr'><strong>et</strong></span> <span class='ocrx_word' id='word_1_218' title='bbox 1244 3615 1335 3679; x_wconf 91' lang='lat' dir='ltr'><strong>prae-</strong></span> 
     </span>
     <span class='ocr_line' id='line_1_29' title="bbox 251 3703 1335 3792; baseline 0.002 -24"><span class='ocrx_word' id='word_1_219' title='bbox 251 3705 329 3768; x_wconf 89' lang='lat' dir='ltr'><strong>clara</strong></span> <span class='ocrx_word' id='word_1_220' title='bbox 359 3703 452 3770; x_wconf 85' lang='lat' dir='ltr'><strong>forma</strong></span> <span class='ocrx_word' id='word_1_221' title='bbox 482 3708 619 3771; x_wconf 91' lang='lat' dir='ltr'><strong>virtutum</strong></span> <span class='ocrx_word' id='word_1_222' title='bbox 646 3708 684 3772; x_wconf 90' lang='lat' dir='ltr'><strong>sit</strong></span> <span class='ocrx_word' id='word_1_223' title='bbox 712 3713 742 3770; x_wconf 89' lang='lat' dir='ltr'><strong>et</strong></span> <span class='ocrx_word' id='word_1_224' title='bbox 765 3708 933 3790; x_wconf 88' lang='lat' dir='ltr'><strong>specialiter</strong></span> <span class='ocrx_word' id='word_1_225' title='bbox 955 3708 1140 3790; x_wconf 91' lang='lat' dir='ltr'><strong>pulchritudo</strong></span> <span class='ocrx_word' id='word_1_226' title='bbox 1164 3708 1335 3792; x_wconf 86' lang='lat' dir='ltr'><strong>sapientiae,</strong></span> 
     </span>
     <span class='ocr_line' id='line_1_30' title="bbox 209 3819 1336 3906; baseline 0.005 -30"><span class='ocrx_word' id='word_1_227' title='bbox 209 3870 212 3876; x_wconf 92' lang='lat'>.</span> <span class='ocrx_word' id='word_1_228' title='bbox 251 3819 327 3883; x_wconf 90' lang='lat' dir='ltr'><strong>sicut</strong></span> <span class='ocrx_word' id='word_1_229' title='bbox 348 3820 444 3884; x_wconf 85' lang='lat' dir='ltr'><strong>serles</strong></span> <span class='ocrx_word' id='word_1_230' title='bbox 467 3822 630 3903; x_wconf 90' lang='lat' dir='ltr'><strong>scripturae</strong></span> <span class='ocrx_word' id='word_1_231' title='bbox 652 3820 769 3884; x_wconf 90' lang='lat' dir='ltr'><strong>indicat.</strong></span> <span class='ocrx_word' id='word_1_232' title='bbox 814 3821 867 3886; x_wconf 89' lang='lat' dir='ltr'><strong>Est</strong></span> <span class='ocrx_word' id='word_1_233' title='bbox 889 3824 966 3885; x_wconf 91' lang='lat' dir='ltr'><strong>enim</strong></span> <span class='ocrx_word' id='word_1_234' title='bbox 989 3823 1063 3887; x_wconf 91' lang='lat' dir='ltr'><strong>hacc</strong></span> <span class='ocrx_word' id='word_1_235' title='bbox 1085 3823 1250 3906; x_wconf 89' lang='lat' dir='ltr'><strong>speciosior</strong></span> <span class='ocrx_word' id='word_1_236' title='bbox 1271 3820 1336 3884; x_wconf 92' lang='lat' dir='ltr'><strong>sole</strong></span> 
     </span>
     <span class='ocr_line' id='line_1_31' title="bbox 252 3932 1336 4016; baseline -0.003 -18"><span class='ocrx_word' id='word_1_237' title='bbox 252 3939 282 3998; x_wconf 89' lang='lat' dir='ltr'><strong>et</strong></span> <span class='ocrx_word' id='word_1_238' title='bbox 312 3950 402 4015; x_wconf 89' lang='lat' dir='ltr'><strong>super</strong></span> <span class='ocrx_word' id='word_1_239' title='bbox 434 3952 549 3998; x_wconf 90' lang='lat' dir='ltr'><strong>ornnem</strong></span> <span class='ocrx_word' id='word_1_240' title='bbox 579 3934 727 3998; x_wconf 90' lang='lat' dir='ltr'><strong>stellarum</strong></span> <span class='ocrx_word' id='word_1_241' title='bbox 758 3932 980 4014; x_wconf 89' lang='lat' dir='ltr'><strong>dispositionem</strong></span> <span class='ocrx_word' id='word_1_242' title='bbox 1010 3934 1068 3998; x_wconf 91' lang='lat' dir='ltr'><strong>luci</strong></span> <span class='ocrx_word' id='word_1_243' title='bbox 1097 3940 1256 4016; x_wconf 85' lang='lat' dir='ltr'><strong>conparata</strong></span> <span class='ocrx_word' id='word_1_244' title='bbox 1286 3933 1336 3996; x_wconf 93' lang='lat' dir='ltr'><strong>in·</strong></span> 
     </span>
    </p>
   </div>
   <div class='ocr_carea' id='block_1_6' title="bbox 253 4085 458 4098">
    <p class='ocr_par' dir='ltr' id='par_1_9' title="bbox 253 4085 458 4098">
     <span class='ocr_line' id='line_1_32' title="bbox 253 4085 458 4098; baseline 0.005 -4"><span class='ocrx_word' id='word_1_245' title='bbox 253 4085 458 4098; x_wconf 45' lang='grc' dir='ltr'><strong>Μ--.</strong></span> 
     </span>
    </p>
   </div>
   <div class='ocr_carea' id='block_1_7' title="bbox 322 4175 538 4242">
    <p class='ocr_par' dir='ltr' id='par_1_10' title="bbox 322 4175 538 4242">
     <span class='ocr_line' id='line_1_33' title="bbox 322 4175 538 4242; baseline 0.009 -16"><span class='ocrx_word' id='word_1_246' title='bbox 322 4175 350 4242; x_wconf 86' lang='grc'><strong>1)</strong></span> <span class='ocrx_word' id='word_1_247' title='bbox 368 4175 450 4230; x_wconf 83' lang='lat' dir='ltr'><strong>llesai.</strong></span> <span class='ocrx_word' id='word_1_248' title='bbox 469 4175 495 4242; x_wconf 78' lang='lat'><strong>3,</strong></span> <span class='ocrx_word' id='word_1_249' title='bbox 514 4175 538 4228; x_wconf 86' lang='grc'><strong>3.</strong></span> 
     </span>
    </p>
   </div>
   <div class='ocr_carea' id='block_1_8' title="bbox 0 0 1504 4706">
    <p class='ocr_par' dir='ltr' id='par_1_11' title="bbox 0 0 1504 4706">
     <span class='ocr_line' id='line_1_34' title="bbox 0 0 1504 4706; baseline 0 0"><span class='ocrx_word' id='word_1_250' title='bbox 0 0 1504 4706; x_wconf 95' lang='lat' dir='ltr'><strong> </strong></span> 
     </span>
    </p>
   </div>
  </div>
 </body>
</html>
