2932 4700
391 363 986 422 mmmwmmmmmu
1192 369 1235 437 π

136 523 322 606 loquendum
349 528 395 590 sit.
441 526 525 591 Unde
555 529 634 592 bene
663 529 702 592 ait
733 529 894 612 scriptura:
915 527 943 614 Ι)
977 528 1077 592 Homo
1107 529 1236 610 sopiens

138 637 256 700 tacebit
275 658 373 721 acqua
396 642 439 704 ad
459 649 585 724 tempus.

227 749 257 816 6.
301 753 373 818 ldeo
406 757 499 819 sancti
533 757 659 837 domini,
693 758 742 838 qui
775 758 887 821 scirent
918 757 985 838 quia
1015 776 1076 821 vox
1109 757 1236 823 hominis

138 868 314 949 plerumque
350 871 464 950 peccati
503 870 641 935 adnuntia
679 876 725 934 est
763 879 793 934 et
825 873 937 935 initium
971 873 1083 936 erroris
1117 873 1236 937 hannani

138 999 241 1045 senno
265 987 311 1046 est
332 982 477 1063 hominis,
511 984 645 1048 ornabant
667 990 777 1047 tacere.
822 984 959 1066 Denique
983 992 1103 1048 sanctus
1126 984 1236 1048 domini

138 1094 193 1156 ait:
211 1089 243 1177 Ἰ)
274 1093 372 1170 litat,
403 1095 576 1158 calcatam
605 1096 677 1158 olas
704 1115 805 1172 meaa,
837 1105 872 1158 at
902 1116 966 1159 oon
997 1099 1173 1180 delinquam
1202 1100 1236 1162 ia

138 1187 249 1289 lingua
271 1226 357 1280 meo;
380 1207 492 1271 sciebat
516 1209 595 1272 enim
618 1208 785 1291 allegerat
807 1208 925 1272 divinae
948 1228 1018 1274 esse
1033 1213 1236 1291 protectionis,

138 1329 171 1384 ut
193 1321 283 1412 honio
305 1340 322 1383 a
345 1321 466 1404 linguae
489 1341 562 1386 suae
588 1322 708 1406 llagello
738 1323 975 1386 absconderetur
991 1321 1023 1408 ³)
1053 1331 1082 1388 et
1111 1345 1127 1388 a
1158 1343 1236 1389 con-

138 1435 281 1497 scientiae
305 1453 377 1498 suae
401 1435 579 1498 testimonio.
618 1436 818 1499 Verberamur
842 1437 920 1498 enirn
942 1440 1032 1501 tacito
1048 1440 1236 1522 cogitationis

138 1556 261 1613 nostrae
292 1552 454 1632 opprobrio
486 1557 516 1612 et
543 1550 652 1613 iudicio
681 1551 882 1614 conscientiae
890 1573 899 1628 ;
930 1553 1126 1616 verberamur
1149 1553 1237 1616 etiam

138 1663 224 1727 vocis
245 1670 367 1727 nostrae
388 1664 526 1743 verbere,
550 1683 617 1728 cum
633 1663 783 1746 loquimur
798 1684 844 1744 ea,
868 1683 994 1746 quorum
1010 1683 1086 1729 sono
1102 1666 1237 1729 caeditur

138 1781 253 1842 animus
287 1787 390 1842 noster
425 1786 454 1841 et
487 1797 571 1842 mens
605 1781 820 1843 consauciatur.
868 1781 941 1855 Quis
974 1787 1072 1844 autern
1107 1788 1153 1844 est
1186 1781 1236 1862 qui

138 1892 280 1956 nrundum
304 1911 358 1956 cor
381 1913 397 1954 a
421 1898 610 1975 peccatorum
627 1892 734 1956 habeat
749 1893 930 1957 conluvione
945 1901 995 1957 aut
1011 1913 1072 1958 non
1087 1893 1237 1975 delinquat

137 2008 168 2070 in
190 2007 290 2091 lingua
314 2007 394 2070 sua‘l
437 2006 475 2068 Et
496 2005 582 2086 ideo,
615 2008 683 2088 quia
712 2009 859 2070 neminem
888 2008 1008 2071 videbat
1038 2013 1171 2070 sanctum
1201 2025 1236 2070 os

138 2139 263 2184 servare
285 2137 377 2202 posse
401 2122 437 2183 ab
460 2120 634 2185 inmunditia
657 2123 814 2200 sermonis,
839 2123 903 2202 ipse
927 2122 984 2184 sibi
1001 2121 1119 2183 silentio
1135 2120 1236 2203 legem

71 2238 77 2254 ‘
137 2236 271 2318 inposuit
292 2235 499 2316 innocentiae,
522 2242 555 2297 ut
579 2235 706 2298 tacendo
729 2235 845 2318 culpam
868 2234 1046 2316 declinaret,
1074 2252 1160 2315 quam
1184 2233 1236 2297 vix

140 2349 275 2432 elingere
298 2353 401 2430 posset
423 2347 584 2430 loquendo.

228 2461 257 2525 7.
301 2459 463 2526 Audiamus
486 2479 562 2544 ergo
586 2460 730 2523 cautionis
752 2460 940 2544 magistrum:
954 2456 987 2545 ⁴)
1008 2463 1099 2539 Dici,
1123 2469 1234 2526 casto-

140 2575 226 2637 diom
248 2576 319 2636 cios
341 2593 440 2650 mcor,
464 2573 523 2636 hoc
546 2578 606 2652 est,
629 2571 690 2634 dixi
713 2571 792 2651 mihi,
814 2574 904 2636 tacito
928 2575 1118 2657 cogitationis
1142 2593 1235 2655 prae·

139 2694 227 2770 cepto
250 2687 343 2750 indixi
366 2687 451 2765 milri,
475 2694 507 2749 ut
529 2684 711 2749 custodirem
733 2687 799 2749 vias
822 2704 912 2750 nreas.
956 2686 1043 2751 Aliae
1065 2694 1134 2752 sunt
1156 2689 1232 2768 viae,
1289 2759 1299 2774 J

139 2819 213 2883 qrras
237 2800 380 2865 debemus
403 2799 499 2878 sequi,
523 2798 609 2877 aliae,
632 2815 712 2878 quas
730 2797 896 2861 custodire:
921 2800 1007 2879 sequi
1028 2801 1093 2862 vias
1112 2798 1232 2879 domini,
1272 2771 1289 2834 Ῑ

139 2915 291 2981 custodire
314 2921 442 2992 nostras,
464 2931 504 2974 ne
526 2913 556 2973 in
581 2912 695 2995 culpam
720 2911 855 2995 dirigant.
894 2912 983 2974 Potes
1007 2918 1104 2976 autem
1126 2919 1231 2976 custo·

138 3028 213 3110 dire,
236 3029 261 3092 si
283 3046 344 3092 non
368 3030 426 3091 cito
448 3026 590 3107 loquaris.
631 3024 695 3087 Lex
710 3024 794 3088 dicit:
808 3023 841 3110 ⁵)
864 3025 949 3089 Aodi
962 3025 1065 3090 lsrael
1078 3027 1232 3090 dominam

139 3143 229 3206 deam
251 3151 341 3206 laam.
385 3141 453 3204 Non
476 3139 563 3202 dicit:
596 3139 739 3220 loquere,
768 3139 822 3202 sed
850 3140 927 3203 audi.
971 3139 1042 3203 ldeo
1064 3140 1127 3203 Eva
1149 3141 1231 3223 lapsa

138 3263 203 3337 est,
238 3257 306 3338 quia
335 3256 432 3318 locuta
464 3257 510 3314 est
537 3252 602 3314 viro
633 3251 714 3333 quod
743 3271 804 3316 non
833 3251 967 3315 audierat
989 3271 1007 3314 a
1028 3250 1149 3315 domino
1171 3251 1230 3314 deo

137 3388 203 3434 suo.
239 3369 334 3432 Prinna
356 3385 418 3430 vox
440 3365 488 3429 dci
511 3363 580 3426 dicit
600 3364 669 3426 tibi:
693 3363 786 3426 Aodi.
824 3366 855 3431 si
878 3365 991 3445 audias,
1015 3364 1146 3430 custodis
1166 3365 1229 3427 vias

137 3492 219 3563 tuas,
250 3491 296 3564 et,
327 3484 353 3546 si
377 3481 478 3563 lapsus
502 3495 552 3558 es,
583 3479 641 3540 cito
664 3479 800 3563 corrigis.
845 3478 883 3542 ln
910 3498 971 3560 qao
997 3479 1075 3541 enim
1099 3477 1231 3559 corrigit

135 3597 279 3660 iuvenior
305 3594 390 3658 aiom
417 3612 524 3669 soom,
555 3591 617 3654 aiat
639 3591 673 3652 ia
696 3594 899 3658 custodiendo
922 3591 1017 3655 aerbo
1039 3591 1179 3654 domiai?
1196 3585 1229 3675 ⁶)

137 3709 217 3773 Tace
239 3727 314 3792 ergo
336 3707 418 3790 prius
442 3712 471 3768 et
492 3705 570 3785 audi,
592 3712 624 3767 ut
646 3723 707 3768 non
731 3706 885 3789 delinquas
907 3709 938 3770 in
960 3707 1061 3788 lingua
1082 3710 1140 3768 tna.

223 3819 253 3884 8.
299 3818 397 3884 Grave
419 3819 542 3898 malum,
565 3823 596 3879 ut
618 3817 725 3898 aliquis
749 3836 803 3882 ore
825 3837 882 3883 suo
905 3818 1127 3884 condemnetur.
1171 3817 1227 3882 Et-

208 4090 235 4156 η
255 4089 333 4145 snae.
351 4089 394 4156 20,
413 4088 437 4140 a.
503 4091 531 4156 a)
550 4088 591 4144 rs.
610 4089 653 4157 aa,
671 4089 697 4143 2.
762 4087 791 4157 e)
808 4087 862 4142 ra.
881 4089 906 4155 5,
924 4088 965 4144 ar.
1033 4091 1063 4157 a)
1081 4089 1121 4144 n.
1140 4089 1182 4157 aa,
1201 4090 1225 4143 2.

136 4177 166 4250 a)
184 4175 261 4232 aaut.
279 4177 305 4245 a,
323 4176 348 4232 e.
419 4175 449 4246 a)
467 4176 507 4232 n.
528 4176 587 4245 ua,
606 4177 631 4233 e.

188 4278 349 4329 durcasino.
548 4276 554 4290 *
998 4269 1018 4336 3
