2932 4700
223 365 244 430 2
733 359 809 412 m

192 523 201 591 l
223 523 352 605 scriptor
375 521 542 604 elegantiae
563 539 700 604 pompam
723 523 863 603 requirit,
896 520 993 584 lector
1016 529 1160 585 tantarum
1183 521 1322 584 virtutum

222 638 333 701 amittat
355 637 517 718 scientiam,
541 656 629 718 quem
652 656 713 701 non
728 639 823 721 magis
848 637 1008 700 verborum
1023 637 1162 718 phaleras
1177 655 1321 720 pompas-

198 725 281 835 lque
304 770 482 832 sermonum,
507 771 593 833 quam
617 752 754 816 virtutem
770 770 870 815 rerum
885 754 1070 836 gratiamque
1091 753 1211 834 spiritus
1227 753 1321 815 sancti

221 874 358 949 spectare
387 867 553 929 conveniat.
607 867 757 948 Siquidem
787 869 959 931 noverimus
993 869 1125 932 viatores
1159 870 1320 950 gratiorem

221 983 331 1046 babere
354 1000 460 1063 aquarn
482 981 567 1044 brevi
589 1002 665 1045 vena
688 975 862 1062 stillantem,
894 981 972 1045 forte
996 1001 1062 1045 cum
1091 984 1205 1061 sitiunt,
1234 1000 1320 1062 quam

220 1097 394 1179 profluentis
418 1095 507 1159 fontis
530 1097 621 1177 rivos,
650 1117 775 1178 quorum
800 1099 915 1178 copiam
940 1098 1003 1159 sitis
1026 1103 1162 1179 tempore
1185 1098 1320 1179 reperire

220 1229 281 1274 non
304 1214 438 1291 possunt.
475 1193 721 1272 Et'bcrdeaceus
744 1211 828 1291 panis
853 1210 948 1273 dulcis
971 1210 1047 1271 solet
1071 1229 1140 1273 esse
1164 1212 1249 1274 etiam
1273 1211 1319 1288 iis,

220 1325 270 1405 qui
293 1323 429 1385 centenis
451 1320 565 1383 vicibus
584 1320 766 1383 ferculorum
782 1321 921 1383 cotidiani
938 1322 1068 1384 convivii
1084 1321 1185 1402 copias
1201 1327 1319 1383 ructare

220 1441 411 1500 consuerunt.
471 1433 529 1498 Sed
572 1439 602 1495 et
642 1433 796 1496 hortorum
836 1452 961 1497 amoena
998 1434 1171 1498 mirantibus
1209 1434 1319 1497 herbae

190 1557 357 1666 ¹agrestes
379 1549 500 1629 placere
524 1553 715 1610 consuerunt.

307 1665 336 1728 2.
381 1663 474 1737 Quam
503 1663 541 1724 cb
571 1680 633 1724 rem
665 1662 794 1724 obsecro
817 1679 874 1724 vos
899 1679 1020 1742 omnes,
1051 1664 1081 1724 in
1104 1680 1230 1742 quorum
1253 1678 1318 1723 ma-

218 1779 304 1841 nibus
320 1778 396 1840 liber
412 1777 467 1838 iste
484 1773 661 1851 versabitur,
679 1779 711 1834 ut
727 1773 855 1835 credatis
872 1790 945 1835 vera
961 1791 1030 1836 esse
1046 1793 1123 1854 quae
1135 1775 1318 1855 scripsimus,

218 1911 275 1956 neo
297 1898 380 1973 putet
402 1909 450 1952 me
473 1889 629 1970 quisquam
651 1886 749 1949 studio
765 1888 874 1950 amoris
891 1886 1011 1967 aliquid,
1036 1887 1117 1968 quod
1135 1887 1193 1950 lide
1210 1893 1318 1966 careat,

218 2007 374 2087 posuisse,
398 2001 636 2085 quandoquidem
660 2001 765 2064 melius
789 2003 827 2064 sit
848 2001 966 2082 penitus
989 2001 1060 2063 nibil
1083 2004 1200 2080 dicere,
1231 2020 1318 2082 quam

218 2120 327 2202 aliquid
356 2119 422 2181 lalsi
453 2116 609 2199 prolerre,
644 2133 710 2178 cum
743 2117 870 2178 sciamus
900 2134 956 2178 nos
987 2117 1116 2179 omniurn
1148 2132 1318 2178 sermonum

216 2242 387 2304 nostrorum
410 2231 579 2295 reddituros
602 2247 671 2292 esse
694 2231 847 2294 rationem.
865 2227 893 2314 ¹)
929 2231 994 2292 Nec
1017 2230 1155 2310 dubitem,
1178 2230 1233 2291 etsi
1254 2247 1315 2291 nou

216 2348 252 2410 ab
277 2346 414 2410 omnibus
437 2345 544 2420 omnia,
567 2347 666 2404 tamen
687 2359 704 2404 a
729 2342 855 2406 diversis
878 2342 997 2406 diversa
1012 2345 1082 2406 sciri
1099 2349 1128 2406 et
1143 2362 1179 2408 ea
1195 2345 1314 2426 cognita

216 2459 366 2523 nonnullis
390 2474 475 2535 esse,
507 2474 584 2536 quae
607 2457 694 2518 etiam
715 2457 812 2518 minus
836 2459 900 2538 ipse
922 2463 972 2519 aut
998 2457 1102 2521 audire
1131 2465 1180 2522 aut
1210 2458 1314 2521 videre

214 2575 305 2657 potui.
350 2571 434 2636 Unde
457 2590 474 2632 a
498 2568 545 2630 die
568 2559 727 2631 nativitatis
749 2570 814 2630 eius
837 2569 976 2632 narrandi
998 2571 1110 2634 initium
1133 2590 1256 2650 sumam,
1283 2579 1315 2634 ut

215 2687 309 2770 gratia
332 2686 388 2748 viri
410 2685 447 2746 ab
470 2683 655 2746 incunabulis
679 2701 755 2763 quae
779 2683 867 2744 luerit
890 2686 1080 2765 agnoscatur.

301 2800 330 2865 3.
367 2800 460 2884 Igitur
475 2799 580 2880 posito
603 2798 633 2859 in
656 2797 908 2860 administratione
932 2798 1139 2879 praefecturae
1155 2796 1313 2862 Galliarum

214 2923 297 3000 patra
321 2893 386 2978 eius
401 2914 562 2978 Ambrosio
586 2919 672 2977 natus
695 2920 742 2975 est
757 2912 943 2977 Ambrosius.
989 2914 1047 2988 Oui
1069 2914 1166 2978 inians
1190 2915 1219 2977 in
1243 2933 1312 2978 area

213 3030 355 3112 praetorii
376 3029 580 3092 incunabulis
602 3028 717 3109 positus
741 3047 807 3091 cum
831 3027 973 3091 dormiret
996 3035 1100 3109 aperto
1126 3047 1189 3108 ore,
1212 3029 1311 3092 subito

187 3155 340 3229 qaxamen
363 3161 449 3224 apum
472 3143 637 3206 adveniens
661 3142 767 3206 taciem
797 3143 862 3206 eius
893 3150 982 3224 atque
1012 3161 1047 3206 cs
1076 3144 1242 3225 conplevit,
1273 3144 1313 3206 ita

212 3263 245 3320 ut
266 3255 453 3338 ingrediendi
475 3255 505 3318 iu
531 3272 567 3318 os
590 3255 826 3338 egrediendique
851 3256 1077 3337 frequentarent
1098 3257 1189 3320 vices.
1228 3255 1311 3330 Quae

212 3375 305 3452 pater,
328 3370 378 3450 qui
399 3376 524 3453 propter
546 3389 613 3434 cum
634 3377 728 3433 matre
750 3371 798 3432 vel
821 3371 879 3435 lilia
903 3370 1118 3448 deambulabat,
1141 3388 1180 3432 ne
1203 3368 1311 3451 abige-

212 3492 316 3549 rentur
345 3485 381 3546 ab
412 3483 534 3562 ancilla,
568 3501 644 3564 quae
672 3501 773 3546 curam
802 3483 951 3548 nutriendi
981 3483 1099 3546 infantis
1127 3488 1311 3566 susceperat,

212 3599 373 3680 prohibens
396 3595 541 3683 (sollicita
557 3600 634 3662 euim
651 3605 725 3676 erat,
748 3617 787 3661 ne
803 3597 906 3688 infanti
922 3594 1096 3680 nocerent),
1120 3580 1311 3679 exspectabat

213 3713 308 3793 patrio
332 3712 455 3791 allecto,
483 3727 543 3791 quo
566 3709 626 3774 fine
648 3709 719 3774 illud
742 3709 914 3774 miraculum
938 3710 1136 3774 clauderetur.
1180 3710 1221 3774 At
1241 3711 1310 3775 illae

212 3831 280 3908 post
302 3825 511 3906 aliquantulum
534 3823 690 3887 evolantes
713 3822 743 3884 in
774 3828 883 3886 tantam
913 3823 992 3884 aeris
1021 3822 1202 3887 altitudinem
1233 3825 1309 3888 sub-

211 3937 328 4002 levatae
349 3944 428 4017 sunt,
451 3943 483 4002 ut
505 3937 639 4002 humanis
663 3936 757 4001 oculis
780 3935 900 3998 minime
920 3935 1104 4000 viderentur.
1143 3939 1212 4013 Quo
1230 3937 1309 4004 facto

282 4177 536 4251 omnm
