2976 4706
411 388 455 442 DE
475 387 612 444 cortens
630 387 852 444 ttttttstttontttt
869 389 965 445 ttntttt
982 391 1013 447 lt.
1194 395 1255 466 143

258 549 308 616 57.
348 552 420 628 Quis
438 551 568 616 Danielis
592 553 745 617 consitium
767 552 929 637 resugeret,
952 553 990 618 de
1013 573 1072 636 quo
1096 555 1169 620 deus
1191 557 1256 640 ipse

170 663 261 726 dixit:
280 661 309 748 ¹)
344 664 422 741 Qnis
452 665 583 730 Daniele
611 667 809 746 sapientior?
852 667 913 732 Aut
943 669 1092 750 quomodo
1122 671 1255 737 homines

170 777 208 841 de
231 796 334 842 eorum
359 778 492 844 dubitare
513 781 660 844 mentibus
682 789 816 862 possent,
839 783 944 864 quibus
965 783 1039 846 deus
1055 791 1161 850 tantem
1178 805 1255 851 con-

169 891 284 956 serebat
305 893 455 977 gratiam?
499 895 596 977 Moysi
626 895 751 959 consilio
780 894 856 959 bella
879 896 1110 962 conficiebantur
1117 919 1127 978 ;
1159 899 1255 985 Moysi

168 1007 280 1071 meritis
303 1007 341 1070 de
364 1007 448 1073 caelo
471 1007 617 1072 adfluebat
640 1010 792 1090 alimonia,
815 1017 902 1092 potus
925 1031 943 1075 e
964 1021 1056 1095 petra.

256 1119 307 1187 58.
353 1123 446 1198 Quam
468 1141 560 1204 purus
583 1124 712 1188 Danielis
735 1127 865 1206 animus,
893 1133 924 1190 ut
947 1128 1089 1191 mulceret
1111 1128 1255 1194 barbaros

167 1253 277 1316 mores,
299 1237 446 1321 mitigaret
466 1239 589 1302 leoncsl
603 1236 635 1323 ²)
673 1241 756 1314 Quae
778 1241 876 1304 inille
898 1243 1106 1325 temperantia!
1141 1243 1255 1318 Quanta

167 1349 254 1412 animi
276 1354 307 1411 et
329 1351 465 1431 eorporis
488 1351 685 1414 continemini
728 1351 791 1414 Nec
824 1353 960 1419 inmerito
991 1356 1131 1421 mirabilis
1161 1357 1254 1422 seems

167 1463 312 1542 omnibus,
337 1463 465 1544 mando,
490 1466 570 1546 quod
594 1465 785 1528 vehementer
800 1466 979 1532 admirantur
994 1470 1139 1553 homines,
1162 1491 1254 1558 rega-

165 1575 243 1639 libus
266 1577 356 1640 fultus
379 1579 529 1659 ennieitiis,
554 1598 656 1643 nurum
679 1598 739 1644 non
764 1582 941 1662 quaerebat,
972 1601 1029 1646 nee
1050 1584 1177 1650 delatum
1198 1587 1254 1651 sibi

165 1690 312 1755 honorem
335 1691 427 1774 pluris
451 1690 592 1770 faciebat,
625 1711 711 1773 quam
734 1692 829 1756 fidem.
876 1695 952 1768 Quin
982 1696 1067 1758 etiam
1096 1698 1254 1779 periclitari

166 1805 291 1868 malebat
313 1824 368 1886 pro
391 1807 463 1887 lege
486 1805 605 1885 domini,
629 1824 715 1887 quam
738 1825 793 1889 pro
816 1809 911 1892 gretia
933 1809 1059 1874 hominis
1081 1793 1200 1876 inflecti.

253 1911 303 1983 59.
347 1919 420 1983 Nam
451 1920 488 1982 de
518 1922 611 1984 seneli
633 1921 759 2003 loseph,
790 1941 877 2004 quem
906 1941 1002 2004 paene
1033 1927 1252 2010 praeterieram,

166 2032 338 2096 castimonia
362 2039 392 2094 et
413 2033 522 2096 iustitia
545 2033 615 2115 quid
638 2033 748 2113 dicam,
766 2032 797 2117 ³)
827 2053 949 2115 quarum
972 2037 1063 2100 altera
1085 2038 1251 2105 inlecebras

164 2145 274 2209 heriles
298 2146 428 2229 respuit,
460 2146 598 2210 refutavit
620 2148 766 2230 praemin3
798 2149 889 2212 altera
911 2157 1036 2213 mortem
1066 2153 1250 2235 contempsit,

163 2264 272 2320 metum
299 2260 443 2341 reppulit,
476 2277 626 2322 carcerem
656 2260 866 2340 praeoptavit?
912 2261 983 2336 Quis
1013 2263 1090 2327 hunc
1120 2267 1251 2346 privatae

164 2390 274 2436 eeusae
302 2371 339 2435 ad
370 2372 583 2438 consulendum
613 2372 752 2436 idoneum
782 2391 841 2436 non
869 2375 1030 2458 iudicaret,
1062 2380 1144 2442 euius
1166 2379 1251 2446 torax

164 2488 279 2550 animus
303 2493 332 2550 et
353 2508 437 2553 mans
460 2487 566 2551 fertilis
589 2489 730 2568 temporis
754 2487 935 2552 sterilitatem
958 2491 1084 2572 quodam
1107 2495 1250 2560 consilio-

163 2619 227 2666 rum
252 2611 282 2666 et
305 2604 404 2668 cordis
428 2607 521 2670 ubere
545 2603 741 2669 fecundavit?

567 2805 738 2872 CAPUT
774 2807 849 2872 XII.

164 2952 294 3006 Neminem
321 2954 352 3006 eh
375 2953 478 3004 homine
496 2955 563 3006 vitiis
582 2956 749 3006 contaminato
769 2953 899 3005 consilinm
918 2969 1041 3021 poscere,
1068 2970 1117 3006 nee
1134 2969 1251 3010 rursusa

163 3057 264 3094 moroso
283 3050 309 3094 et
322 3041 431 3104 diffieili;
450 3041 496 3094 aed
515 3043 546 3094 eb
567 3057 609 3107 eo,
629 3041 766 3094 cuiusmodi
785 3042 913 3110 exemplar
930 3042 1051 3096 hahemus
1068 3044 1094 3094 in
1112 3043 1249 3112 seripturis.

250 3166 300 3232 60.
337 3166 526 3230 noverimus
550 3168 639 3250 tgttm
662 3167 742 3248 quon
765 3167 794 3229 tn
817 3167 1007 3249 inminentis
1030 3169 1160 3233 consents
1179 3169 1250 3250 ptu-
1278 3141 1404 3238 sititet

163 3281 268 3344 rimum
292 3282 433 3363 adiungat
455 3281 533 3344 vitae
559 3281 707 3362 probitas,
740 3281 876 3344 virtulum
905 3282 1129 3366 praesegmina,
1161 3283 1250 3346 beni-

164 3395 311 3459 volentiae
334 3411 426 3474 usus,
457 3393 602 3458 facilitatis
625 3395 727 3478 gentio.
773 3394 846 3468 Quis
869 3396 946 3458 enim
969 3396 999 3458 in
1022 3413 1115 3459 caeno
1139 3394 1250 3459 fontem

163 3509 323 3590 requirat?
367 3508 440 3582 Qnis
474 3526 491 3571 e
525 3508 641 3572 turbida
671 3527 745 3590 aqna
777 3514 878 3591 potum
910 3508 1017 3591 petat?
1066 3508 1167 3590 ltaque
1199 3509 1250 3572 ubi

162 3622 279 3685 lnxnria
302 3628 357 3700 est,
380 3620 429 3683 ubi
452 3621 683 3703 intemperantia,
707 3621 756 3682 ubi
776 3619 914 3684 vitiorum
930 3620 1076 3702 conlusio,
1100 3621 1165 3704 qnis
1180 3620 1250 3686 indo

110 3725 113 3732 ⁴
163 3733 219 3799 sibi
242 3734 350 3816 aliqnid
373 3733 566 3799 hauriendum
589 3735 762 3798 existimet?
800 3735 872 3810 (teis
892 3753 951 3799 non
972 3735 1115 3820 despiciat
1134 3754 1250 3801 morum

163 3848 399 3912 conluvionem?
435 3851 507 3926 Quis
531 3850 629 3914 utilem
653 3869 760 3914 causae
784 3850 899 3914 alienae
920 3850 1039 3932 iudicet,
1062 3870 1149 3933 mem
1168 3850 1250 3916 videt

163 3961 294 4024 inutilem
317 3979 390 4028 snae
413 3965 520 4028 vitae?
564 3964 635 4040 onis
658 3966 762 4028 iterem
784 3964 949 4046 inprobum,
971 3965 1149 4046 malivolum,
1171 3984 1249 4032 con-

234 4205 260 4271 1)
273 4205 375 4259 ilienec.
390 4205 433 4272 28,
446 4205 470 4261 3.
506 4207 534 4272 2)
547 4205 611 4259 Dan.
626 4205 667 4272 nt,
680 4205 720 4259 39.
756 4205 786 4278 3)
799 4206 860 4262 Gen.
870 4205 914 4275 39,
926 4206 942 4259 8
954 4223 1023 4278 seqq.
1036 4215 1063 4262 et
1075 4208 1118 4276 41,
1131 4208 1164 4262 25
1176 4223 1246 4280 seqq.
