2976 4706
208 316 271 384 itt
470 335 473 340 -
659 311 684 364 s.
702 308 858 364 annnosn

206 471 509 554 Honoratam-inter
529 471 651 550 fratem
673 489 759 534 aeos.
801 469 982 536 Primitivus
1005 471 1089 534 teari
1111 469 1206 534 ἀεοιιε
1229 470 1307 548 eins,

209 606 328 652 cornea
349 587 519 650 unicornui
550 605 671 650 cornea
701 587 812 664 ipsius.
856 585 895 648 Ia
916 586 998 666 ipsis
1019 590 1125 668 oenias
1147 582 1311 646 ventilabit

207 700 408 780 animalesque
424 699 467 762 od
481 705 650 760 eatremam
673 705 785 759 terroe.
828 695 895 776 Ipsi
917 697 1021 760 decem
1042 695 1134 758 milio
1153 694 1309 776 prraem

208 821 239 874 at
261 813 324 892 ipsi
346 811 434 874 mitia
455 809 627 874 Monaeses.

600 1005 776 1073 eaeor
810 997 944 1072 xva:

210 1155 278 1226 Quas
296 1155 403 1214 virtutes
421 1156 447 1208 in
467 1169 514 1220 eo,
542 1166 618 1222 quem
645 1149 821 1216 consulemus,
850 1151 936 1202 inesse
962 1155 1081 1216 oporteat
1097 1156 1126 1200 et
1144 1164 1194 1222 qna
1212 1150 1312 1202 ratione

400 1297 402 1306 Α
420 1309 422 1316 Ι
471 1241 562 1295 iisdem
580 1238 673 1307 Ioseph
691 1255 721 1290 ae
739 1237 831 1291 Paulus
850 1238 931 1290 ornati
949 1235 1051 1288 inerint.

297 1373 349 1440 86.
395 1374 475 1438 Talis
498 1374 598 1454 itaque
622 1371 711 1434 debet
733 1387 803 1434 esse
825 1372 876 1452 qui
900 1368 1056 1433 eonsilium
1079 1366 1164 1430 alteri
1187 1364 1253 1446 dat,
1282 1374 1315 1429 ut

210 1505 245 1551 se
261 1487 357 1569 ipsum
380 1485 507 1550 iormam
529 1483 593 1546 aliis
608 1481 751 1564 praebeat
765 1480 802 1544 ad
819 1479 988 1562 exemplum
1009 1481 1156 1544 bonorum
1180 1496 1314 1560 operum,

211 1600 242 1662 in
265 1599 417 1678 doctrina,
440 1598 471 1660 in
493 1596 679 1678 integritate,
701 1596 731 1657 in
756 1594 917 1678 gravitate,
940 1599 973 1656 ut
994 1593 1033 1656 sit
1052 1593 1116 1655 eius
1139 1609 1239 1656 sermo
1261 1609 1315 1656 sa-

211 1710 304 1774 lubris
334 1715 421 1789 atque
450 1705 742 1789 inreprehensibilis,
776 1705 931 1769 eonsilium
963 1706 1051 1784 utile,
1085 1706 1145 1768 vita
1175 1705 1315 1784 honesta,

213 1822 361 1885 sententia
378 1820 497 1883 decora.
1276 1877 1278 1882 .

301 1931 354 1998 87.
399 1934 478 1998 Talis
510 1940 574 1997 eret
596 1933 721 2014 Paulus,
756 1936 806 2016 qui
836 1934 991 1998 consilium
1021 1933 1108 1996 dabat
1140 1929 1317 2013 virginibus,

215 2045 419 2130 magisterium
443 2043 666 2124 sacerdotibus,
685 2041 715 2128 ¹)
737 2052 770 2108 ut
791 2045 887 2126 primo
907 2060 942 2107 se
964 2031 1059 2125 ipsam
1080 2046 1169 2108 nobis
1192 2043 1318 2127 formam

215 2159 376 2242 praeberet
400 2156 438 2221 ad
464 2157 644 2222 imitandum.
689 2157 761 2221 Ideo
793 2158 939 2220 humiliari
962 2158 1090 2237 seiebat,
1125 2159 1202 2220 sieut
1232 2156 1319 2220 seivit

216 2280 246 2335 et
267 2271 390 2354 Ioseph,
414 2272 465 2351 qui
487 2288 601 2334 summo
625 2277 708 2334 ortus
731 2270 966 2354 patriarcharum
989 2287 1121 2354 genere,
1145 2287 1206 2333 non
1230 2267 1320 2332 dedi·

216 2391 324 2469 gnatus
348 2384 530 2466 degenerem
554 2383 747 2461 servitutem,
775 2383 936 2445 exhibebat
957 2400 1023 2444 eam
1046 2381 1216 2461 obsequiis,
1239 2379 1321 2444 inlu-

217 2485 517 2558 saabativirtmibus.
563 2492 655 2557 Seivit
669 2492 826 2572 humiliari,
851 2493 901 2573 qui
917 2499 947 2554 et
962 2491 1138 2556 venditores
1149 2500 1185 2556 et
1200 2497 1321 2576 empto·

217 2625 282 2672 rem
304 2615 410 2687 passus
433 2611 480 2667 est
499 2611 528 2667 et
543 2603 695 2668 dominum
718 2605 884 2687 appellabat
906 2624 983 2668 eum.
1020 2605 1100 2670 Audi
1122 2605 1322 2670 humiliantem

218 2737 272 2784 se:
289 2716 322 2803 ²)
346 2718 381 2780 Si
405 2719 551 2782 dominns
571 2737 657 2782 meas
674 2785 675 2788 ,
686 2725 825 2798 propter
840 2738 887 2781 me
908 2720 988 2782 nibil
1009 2721 1070 2784 seit
1091 2721 1125 2781 in
1148 2719 1239 2783 domo
1262 2738 1323 2792 aaa

219 2840 250 2895 et
271 2831 392 2909 omnio,
426 2850 635 2913 qaaecumque
657 2832 765 2909 babet,
789 2833 932 2894 deditio
954 2852 1065 2898 monas
1091 2852 1193 2911 meae,
1223 2850 1323 2913 neque

219 2943 410 3006 subtractam
432 2951 479 3005 est
502 2963 522 3004 a
544 2961 591 3005 me
612 2944 778 3024 quiequam
797 2953 926 3024 praeter
949 2953 993 3022 te,
1030 2948 1212 3025 qeiewaeor
1235 2945 1323 3008 illias
1443 2951 1444 2954 ’

220 3074 270 3117 es:
292 3054 445 3136 quomodo
466 3053 587 3132 sacione
608 3055 734 3130 oerbem
756 3057 870 3118 malum
892 3057 971 3134 boo,
1001 3063 1032 3118 et
1046 3059 1186 3138 peccabo
1219 3076 1324 3120 eoram

220 3169 304 3232 deo?
348 3166 438 3231 Plena
470 3185 531 3229 vox
563 3167 750 3246 humilitatis,
780 3168 870 3250 plena
901 3170 1110 3234 castimoniae:
1143 3170 1323 3250 humilitatis,

221 3283 290 3364 quia
314 3281 433 3344 domino
459 3279 629 3356 deferebat3
652 3279 908 3361 honorificentiae,
931 3283 999 3362 quia
1014 3281 1166 3346 referebat
1183 3284 1323 3368 gratiam3

221 3396 309 3477 plena
323 3384 455 3476 'quoque
479 3394 683 3474 castimoniae,
707 3394 774 3474 quia
789 3395 867 3476 turpi
882 3393 997 3479 flagitio
1013 3397 1206 3468 contaminari
1228 3413 1324 3478 grave

222 3514 377 3588 peceatum
400 3509 528 3590 putabat.

309 3617 361 3683 88.
406 3622 486 3686 'talis
499 3621 590 3704 igitur
603 3618 692 3683 debet
704 3637 774 3684 esse
787 3622 986 3702 consiiiarius,
1003 3623 1053 3704 qui
1063 3621 1135 3685 nibil
1147 3620 1324 3686 nebulosum

221 3733 340 3814 babeat,
364 3733 436 3796 nibil
452 3733 553 3813 fallax,
575 3734 647 3796 nihil
663 3733 840 3814 fabulosum,
855 3735 927 3797 nihil
942 3736 1119 3814 simulatum,
1140 3735 1221 3816 qnod
1235 3733 1326 3797 vitam

225 3847 336 3908 eiusne
349 3864 448 3909 mores
461 3846 589 3926 refellat,
604 3847 676 3909 nihil
688 3847 845 3929 inprobum
858 3865 894 3910 ac
907 3847 1085 3929 malivolum,
1110 3847 1190 3931 quod
1210 3853 1326 3911 avertat

295 4083 323 4150 1)
345 4084 366 4136 t.
379 4082 437 4138 Cor.
449 4080 477 4150 7,
489 4083 522 4136 25
534 4098 606 4154 seqq.
636 4085 838 4156 Timotb.4,12.
870 4085 916 4141 tir.
929 4087 955 4156 2,
969 4087 993 4140 7.
1046 4085 1318 4157 atterentem.
