2932 4700
236 351 279 422 qq
688 353 714 406 s.
732 353 888 411 axenosn

322 509 374 580 97.
419 511 534 578 (lavere
564 514 655 597 igitur
686 513 847 595 debemus,
876 533 916 579 ne
938 515 967 576 in
991 513 1230 595 perturbationes
1252 515 1336 596 prius

236 627 411 709 incidamus,
446 647 534 710 quam
567 629 681 692 animos
715 635 836 693 nostros
871 630 947 692 ratio
983 635 1153 711 conponat3
1189 629 1337 692 exanimat

236 745 314 808 enim
337 751 465 807 mentem
488 743 663 825 plerumque
685 749 735 807 aut
750 745 794 805 ira
813 750 864 806 aut
887 743 973 807 dolor
996 749 1047 806 ant
1069 741 1197 806 formido
1221 743 1336 821 mortis,

236 866 267 921 et
287 859 441 940 inproviso
464 858 600 940 percellit
622 858 690 920 ictu.
735 856 808 920 ldeo
831 859 1009 938 praevenire
1032 856 1187 939 pulchrum
1210 862 1257 920 est
1279 875 1336 920 co-

235 971 389 1056 gitatione,
412 989 490 1053 quae
513 971 663 1036 volvendo
687 978 814 1034 mentem
839 977 992 1050 exerceat,
1015 989 1054 1032 ne
1069 969 1233 1052 repentinis
1249 971 1337 1032 exci-

235 1091 314 1150 tetur
346 1087 609 1166 commotionibus,
642 1085 696 1150 sed
727 1086 799 1168 iugo
832 1083 961 1166 quodam
995 1083 1120 1147 rationis
1153 1089 1183 1146 et
1212 1084 1336 1148 habenis

236 1197 378 1264 adstricta
400 1200 542 1264 mitescat

627 1469 798 1537 CAPUT
831 1469 942 1536 XXII.

239 1633 279 1686 De
300 1635 497 1704 cogitationibus
515 1642 543 1686 et
559 1636 688 1702 appetitu,
714 1635 798 1703 deque
817 1633 912 1686 decoro
938 1634 1061 1685 sermonis
1086 1634 1111 1684 in
1131 1631 1338 1684 contabulatione

589 1737 619 1773 ac
638 1719 827 1788 disceptatione
846 1719 983 1772 servando.

324 1881 376 1948 98.
422 1881 495 1947 Sunt
523 1888 622 1944 autem
651 1880 762 1963 gemini
791 1886 906 1958 motus,
941 1879 1000 1942 hoc
1027 1887 1088 1958 est,
1124 1879 1336 1960 cogitationum

236 2002 267 2058 et
290 1995 454 2077 appetitus3
478 1993 562 2056 alteri
586 1993 815 2074 cogitationum,
838 1991 921 2053 alteri
944 1993 1106 2073 appetitus,
1129 2009 1190 2054 non
1209 1990 1336 2071 confusi,

235 2107 292 2173 sed
309 2107 432 2170 discreti
448 2114 478 2170 et
493 2106 637 2188 dispares.
677 2105 880 2188 Cogitationes
903 2123 1008 2168 verum
1031 2105 1191 2185 exquirere
1207 2111 1237 2167 et
1252 2105 1337 2185 quasi

236 2222 370 2285 emolere
393 2221 524 2286 muneris
547 2219 671 2297 habent;
698 2220 843 2301 appetitus
867 2218 904 2280 ad
920 2218 1029 2299 aliquid
1052 2218 1166 2299 inpellit
1187 2216 1345 2302 egendum

235 2343 325 2415 atque
348 2335 465 2398 excitat.
510 2334 612 2414 ltaque
635 2334 701 2415 ipso
725 2351 840 2416 genere
862 2339 986 2395 naturae
1002 2350 1075 2395 suae
1092 2339 1122 2395 et
1137 2333 1336 2416 cogitationes

236 2448 473 2528 tranquillitatem
496 2446 658 2511 sedationis
684 2446 844 2509 infundunt
867 2453 897 2508 et
920 2447 1068 2528 appetitus
1091 2451 1202 2508 motum
1225 2444 1336 2527 agendi

237 2561 356 2623 excutit.
401 2560 442 2622 lta
467 2577 542 2641 ergo
565 2559 714 2622 informati
737 2561 847 2638 simus,
879 2566 910 2622 ut
931 2561 1077 2622 bonarum
1107 2575 1208 2622 rerum
1231 2559 1337 2622 subeat

236 2676 362 2739 animum
393 2671 551 2755 cogitati03
582 2672 727 2752 appetitus
755 2670 864 2734 rationi
896 2672 1082 2753 obtemperet
1110 2667 1155 2754 (si
1187 2688 1277 2751 vere,
1306 2676 1337 2734 ut

235 2786 308 2849 illud
331 2784 472 2848 decorum
496 2780 716 2860 custodiamus,
747 2782 876 2844 animum
906 2782 1043 2846 volumus
1075 2780 1266 2867 intendere),
1298 2802 1337 2847 ne

235 2899 381 2962 rationem
410 2896 549 2960 excludat
571 2897 617 2958 rei
639 2895 762 2960 alicuius
787 2894 932 2974 allectus3
961 2897 1015 2960 sed
1037 2897 1114 2961 ratio
1138 2899 1210 2978 quid
1234 2899 1336 2963 hone-

235 3009 303 3072 stati
325 3008 485 3073 conueniat
508 3007 665 3070 examinet.

324 3117 376 3186 99.
421 3121 458 3184 Et
481 3122 621 3202 quoniam
644 3121 679 3184 ad
705 3123 965 3188 conservationem
994 3123 1096 3212 decori
1128 3133 1266 3206 spectare
1289 3124 1337 3187 di-

234 3235 350 3316 ximus,
372 3240 404 3298 ut
426 3236 555 3298 sciamus
578 3235 608 3298 in
632 3234 717 3299 lactis
742 3235 868 3300 dictisve
891 3237 958 3318 quis
982 3237 1107 3318 modus,
1133 3239 1217 3320 prior
1240 3244 1337 3302 antem

235 3348 311 3413 ordo
334 3347 493 3430 loquendi,
516 3366 605 3429 quam
628 3347 755 3412 faciendi
779 3355 842 3426 est3
866 3369 966 3414 sermo
988 3350 1018 3413 iu
1042 3350 1103 3414 duo
1126 3350 1282 3429 diuiditur,
1306 3351 1337 3412 in

235 3462 423 3544 conloquium
440 3461 584 3525 familiare
600 3468 629 3525 et
649 3464 679 3525 in
695 3469 849 3526 tractatum
865 3462 1174 3544 disceptationemque
1195 3461 1265 3524 fidei
1288 3467 1336 3524 at-

234 3593 294 3658 que
315 3576 452 3638 iustitiae.
495 3573 528 3635 ln
546 3579 674 3654 utroque
697 3574 888 3652 servandum,
911 3592 950 3636 ne
969 3575 1006 3636 sit
1025 3575 1123 3654 aliqua
1140 3572 1335 3653 perturbatio,

234 3690 289 3754 sed
312 3697 459 3771 tamquam
481 3689 558 3750 mitis
578 3693 609 3748 et
622 3686 757 3767 placidus
781 3693 812 3748 et
832 3684 1055 3750 benivolentiae
1078 3685 1186 3767 plenus
1209 3689 1240 3748 et
1260 3703 1336 3768 gra-

234 3804 293 3865 tiae
323 3805 389 3866 sine
418 3802 476 3865 ulla
505 3818 605 3864 sermo
637 3799 761 3862 ducatur
790 3800 977 3862 contumelia.
1022 3797 1110 3887 Absit
1140 3799 1280 3879 pertinax
1306 3799 1337 3862 in

235 3913 370 3977 familiari
391 3931 532 3977 sermone
561 3886 735 3988 contentid3
767 3913 960 3991 quaestiones
983 3910 1061 3972 enim
1084 3913 1180 3994 magis
1203 3914 1337 3976 excitare

235 4027 356 4108 inanes,
387 4045 475 4108 quam
498 4025 629 4104 utilitatis
653 4022 763 4105 aliquid
789 4023 910 4086 adferre
932 4022 1020 4084 solet.
1065 4023 1247 4107 Disceptatio
1270 4027 1337 4088 sine

234 4141 295 4222 ira,
329 4141 459 4206 suauitas
491 4139 557 4202 sine
591 4137 785 4202 amaritudine
820 4139 876 4218 sit,
910 4135 1033 4202 monitio
1067 4139 1133 4206 sine
1166 4139 1337 4224 asperitate,
