2894 4716
195 361 264 432 320
615 307 869 416 nononmmnns

198 519 263 574 Giib.
299 519 367 574 Dein
382 524 506 578 odiosam
524 518 587 576 Bbc.
606 520 645 574 iic
664 529 690 574 st
708 521 766 574 odd.
783 521 847 577 Med.
862 521 939 574 Maur.
954 517 1029 587 utta,
1048 473 1171 576 aitecam
1188 537 1204 573 e
1222 537 1292 574 conr.

198 624 217 661 r.
236 626 268 660 m.
289 607 336 674 Me,
354 618 470 664 atteaom
488 611 569 677 aptius
588 610 666 661 ceteri
685 619 734 661 tam
753 610 847 676 scripti,
867 609 1030 718 quntu'tt'diti.
1063 608 1120 660 viu.
1140 609 1170 661 ed
1189 607 1292 661 Pnuliu.

957 690 967 718 θ

199 733 222 796 ς.
239 730 279 796 10,
292 731 317 782 6.
353 731 377 782 2.
397 735 539 786 adeersum
558 735 693 786 emacitas
707 730 746 782 W.
778 731 837 782 Tum
855 749 960 803 pannos
978 731 1090 800 (setar.
1104 734 1292 800 aucuperscr.)

198 820 266 874 idem
284 820 358 872 liber.
396 820 421 871 4.
439 823 570 890 [aymoine
590 819 620 872 W
640 828 667 871 nt
684 819 733 887 iig.
802 869 807 884 ,

269 910 295 973 ς.
315 909 375 973 202,
397 907 419 958 1.
438 911 466 960 in
484 926 534 977 qno
553 907 676 960 mendose
696 907 734 958 W.
753 905 806 960 Bbc
826 915 852 960 et
870 924 908 975 ps.
925 908 973 962 ua.
1012 908 1073 962 item
1092 909 1134 961 ed.
1154 904 1209 960 Col.

303 1013 330 1066 P.
351 1013 410 1066 103.

269 1103 293 1154 3.
313 1120 440 1172 vocemur
457 1101 533 1154 codd.
553 1115 657 1166 omnen,
675 1117 724 1154 nec
740 1115 792 1154 uon
811 1101 869 1155 edd.
890 1102 944 1156 Col.
965 1109 991 1153 et
1009 1101 1127 1166 Amnon,
1149 1102 1294 1171 accessam·
1339 1113 1348 1130 ·

200 1191 258 1244 edd.
276 1188 332 1241 rell.
377 1189 453 1240 3-4.
475 1206 541 1242 nam
557 1191 686 1242 minorent
706 1215 737 1228 -·
758 1217 790 1230 -·
808 1198 972 1244 receserunt
989 1189 1168 1258 triumphum?
1190 1188 1293 1239 restitui

201 1293 232 1330 ex
259 1278 333 1340 codd.
353 1275 393 1327 W.
412 1276 528 1328 fflcnncc.
547 1273 658 1340 otiien,
685 1276 833 1344 quibuscum
859 1275 954 1328 iaciunt
976 1275 1034 1328 odd.
1054 1275 1107 1327 Coi.
1134 1284 1162 1326 et-
1179 1275 1294 1341 Amenb„

199 1383 252 1419 noa
271 1367 398 1418 minorent
417 1389 448 1404 -
466 1379 558 1418 reem.
575 1365 737 1430 triumphatos
755 1361 833 1416 habet
845 1361 882 1414 Bb
902 1363 1078 1431 editionesqne
1092 1362 1156 1414 Med.
1176 1369 1202 1412 et
1219 1377 1294 1430 seqq.

201 1454 315 1519 exceptis
335 1450 412 1503 Maur.
432 1459 508 1520 ntqne
526 1448 604 1514 (tila,
631 1451 655 1500 in
679 1449 768 1518 quibus
792 1457 874 1502 exstet
889 1467 943 1504 ooo
960 1455 1078 1504 minores
1098 1477 1129 1490 -
1148 1477 1182 1487 —
1198 1467 1295 1503 recem.

201 1544 357 1607 triumphos.
394 1538 418 1588 7,
438 1537 623 1604 meaverunt]
642 1536 679 1588 ltn
700 1536 728 1587 W
748 1545 774 1588 et
791 1537 915 1602 Menoec,
936 1547 1074 1592 censerunt
1092 1536 1162 1589 Bnbc
1181 1544 1206 1587 et
1223 1535 1294 1604 vulg.

201 1626 267 1679 libri.
305 1626 369 1678 Dein
389 1624 567 1688 teorotnand.
587 1624 642 1677 eot.
686 1623 710 1675 8.
730 1628 802 1679 corio
821 1624 872 1691 Ba,
899 1629 984 1679 coriis
1002 1621 1048 1678 Bb.
1084 1622 1161 1676 Paulo
1180 1632 1238 1692 post
1260 1627 1297 1677 aet

202 1717 388 1784 amputandam
406 1727 444 1781 pr.
465 1712 532 1764 idem
551 1712 625 1764 liber.
671 1714 711 1765 10.
736 1715 795 1768 Noa
818 1718 893 1769 soloe
917 1715 1005 1781 recepi
1030 1729 1062 1765 ex
1079 1712 1110 1763 W
1135 1722 1161 1765 et
1179 1713 1295 1764 Monncc.

203 1803 337 1855 Accedunt
355 1800 414 1852 edd.
434 1816 538 1866 omnes,
560 1803 583 1853 si
600 1802 711 1868 excipias
730 1801 866 1854 Mauricum
886 1810 912 1854 et
930 1801 1123 1867 (athenionem,
1144 1815 1209 1871 quan
1227 1815 1295 1850 cca-

203 1889 353 1957 spirantibus
373 1886 516 1998 311υοὶ101ο
529 1893 617 1998 satiem
635 1890 701 1941 dant.
739 1888 800 1940 Tum
819 1893 954 1958 loquenten
973 1894 1047 1945 anadit
1065 1889 1104 1940 W.
1142 1890 1182 1940 11.
1202 1891 1296 1942 tineent

517 1971 533 1998 n
550 1971 572 1997 m

204 2011 294 2064 Pistor.
331 2013 372 2063 12.
391 2029 471 2094 cocae
492 2015 607 2066 oninium
626 2028 657 2062 cx
676 2019 761 2063 mutat.
781 2028 802 2062 r.
823 2027 854 2062 m.
876 2011 927 2076 Mn,
946 2013 1079 2065 hominum
1097 2009 1141 2062 Ba.

274 2119 298 2184 §.
311 2117 371 2181 203,
387 2118 408 2168 1.
429 2115 475 2168 Pro
495 2121 626 2186 spectabat
638 2115 690 2169 Bab
708 2116 824 2169 sollemni
838 2115 989 2169 confusione
1005 2116 1123 2169 exhibent
1135 2120 1295 2185 expectabat.

205 2203 276 2258 Coni.
298 2204 385 2255 adnot.
405 2201 423 2254 1.
446 2205 467 2256 1.
487 2206 511 2269 §.
534 2203 557 2266 1,
577 2204 601 2254 1.
634 2198 666 2256 'ln
684 2205 725 2256 fin.
744 2210 816 2260 omni
833 2208 886 2259 iira
903 2207 1049 2260 dulciorem
1066 2205 1166 2274 iibcdg.

276 2293 300 2356 §.
318 2291 379 2356 201,
401 2291 423 2343 1.
443 2296 539 2347 titolis
557 2308 595 2360 pr.
616 2289 660 2343 Bb.
698 2293 721 2344 2.
742 2310 807 2365 ayne
826 2293 857 2343 W
877 2302 903 2345 et
921 2292 981 2357 Bnc,
1001 2300 1028 2345 ut
1045 2290 1125 2361 vuig.‚
1143 2303 1233 2363 coacte
1252 2291 1297 2358 111,

206 2397 274 2449 aqna
286 2377 379 2448 thdg
392 2397 413 2434 a.
427 2378 474 2446 Bb,
493 2398 577 2451 aynae
594 2380 646 2449 (pr.
659 2381 735 2451 nante)
750 2379 813 2434 Mne.
849 2381 874 2432 4.
890 2384 1047 2436 mortalitate
1058 2383 1169 2450 quinque
1182 2379 1296 2432 Mouncc.

207 2464 271 2518 Dein
294 2471 454 2522 conmutooit
474 2465 516 2519 Bc.

275 2555 300 2618 ς.
314 2553 375 2620 205,
390 2553 412 2605 1.
432 2545 510 2608 etiam
527 2572 576 2607 cm.
595 2554 704 2624 Mbcdig.
742 2556 815 2620 Quod
836 2558 948 2626 sequitur
965 2567 1089 2614 nanctum
1106 2573 1121 2610 n
1139 2573 1159 2608 r.
1179 2573 1212 2608 m.
1230 2557 1298 2608 inter

207 2656 272 2692 vers.
293 2639 370 2693 hebet
388 2641 437 2711 sig,
480 2643 504 2694 2.
522 2652 633 2712 austum
650 2642 690 2693 W.
712 2643 749 2696 Me
768 2652 794 2695 et
812 2644 865 2710 Bb,
890 2653 918 2696 ut
935 2643 1008 2696 Rom.
1027 2644 1105 2696 Mnus.
1124 2653 1200 2712 etque
1219 2642 1298 2706 Gilia,

206 2731 309 2782 cistam
329 2729 459 2799 exemplar
476 2730 560 2800 Mea,
586 2734 696 2786 atatam
714 2731 788 2798 Mbe,
812 2735 917 2788 sixtum
934 2731 974 2784 ilc
992 2741 1018 2784 et
1038 2732 1095 2785 edd.
1117 2731 1171 2784 001.
1191 2729 1295 2782 Auserb.

206 2813 304 2868 Ernsm.
324 2816 390 2869 Cost.
409 2817 516 2884 Piston,
543 2830 654 2890 syxtum
672 2818 724 2872 Bne
743 2829 768 2872 et
786 2819 845 2872 1111.
890 2822 914 2872 5.
938 2824 998 2876 eine
1021 2823 1144 2876 ministro
1168 2835 1299 2889 properos

208 2905 355 2973 (pacandi.
376 2915 421 2958 tuo
441 2907 546 2972 omisso)
567 2905 609 2958 Ba.
644 2911 685 2962 Ta
704 2925 843 2978 conoquium
861 2908 903 2978 Mg
920 2925 943 2960 c.
962 2909 1003 2962 ed.
1017 2907 1118 2962 Amerb.
1156 2905 1219 2958 Dein
1238 2908 1299 2960 eine

207 2995 316 3048 diacono
334 2996 431 3064 offense
447 2989 490 3044 Be.

310 3114 337 3167 Ρ.
359 3115 416 3169 104.
1119 3169 1124 3181 .

227 3189 230 3196 .
279 3220 302 3272 1.
321 3224 391 3278 Nam
408 3241 469 3294 erqo
482 3222 591 3294 Mbcdig.
627 3224 651 3275 2.
672 3229 783 3297 ettaercs
803 3226 851 3278 ttb.
889 3224 913 3277 3.
936 3177 1299 3280 ουίωησᾜεΐιηιηαη1οηιω

209 3313 245 3375 (v.
266 3314 426 3365 commisisti
447 3312 478 3364 nb
500 3330 518 3365 r.
538 3331 570 3366 nn.
591 3313 731 3390 superscr.)
752 3314 798 3366 Mn.
835 3313 948 3365 Glossnm
971 3315 1043 3364 istniu
1068 3311 1122 3364 reli.
1142 3312 1299 3364 Mounesis

209 3407 327 3451 contextu
345 3397 445 3452 habeut.
482 3399 507 3450 1.
529 3403 570 3452 toi
587 3403 730 3470 consuistis
750 3401 866 3452 exhibent
884 3400 962 3452 nostri
981 3398 1056 3451 codd.
1075 3415 1097 3452 c.
1117 3399 1175 3450 edd.
1194 3398 1297 3450 Amerb.

208 3486 306 3540 Ernsm.
331 3485 399 3538 Cast.
424 3485 515 3540 Pistor.
539 3487 611 3538 Rom.
657 3487 682 3538 6.
705 3491 854 3558 magisterii
871 3487 950 3540 Maur.
975 3495 1001 3538 et
1020 3485 1082 3539 Gilb.
1128 3489 1151 3539 7.
1175 3498 1199 3542 et
1220 3486 1252 3537 W
1277 3503 1299 3539 c.

208 3592 256 3644 na*
269 3608 335 3656 om,
362 3595 485 3647 ittostrea
511 3567 676 3662 jacanaam
701 3595 755 3646 ciri
779 3563 827 3596 tam
850 3596 1044 3663 discipulorum
1074 3607 1105 3644 ex
1131 3605 1197 3644 corr.
1222 3609 1241 3644 r.
1265 3609 1299 3644 m.

209 3681 286 3734 habet
313 3681 360 3735 iia.
405 3681 536 3735 Glossulne
565 3683 630 3734 istae
656 3684 681 3733 in
710 3683 802 3736 ceteris
831 3679 944 3734 Mconcc.
974 3687 1118 3733 contextum
1146 3680 1299 3731 invaserunt.

209 3768 327 3821 Ceterum
346 3786 370 3822 v.
388 3777 604 3840 praestantesque
622 3770 647 3820 in
661 3769 701 3821 Md
720 3771 917 3838 superscriptum
934 3769 1035 3838 iegitur.
1066 3771 1206 3823 illustrius
1216 3781 1299 3836 praa

209 3869 310 3913 stantes
329 3857 390 3909 dant
407 3857 442 3908 Bn
461 3865 486 3908 et
505 3856 545 3908 ed.
560 3856 636 3921 11111,
655 3860 779 3912 ittuntrce
796 3861 979 3927 praestantius
998 3851 1211 3923 exemplarent,
1230 3856 1299 3907 otta-

209 3957 281 4002 etree
298 3955 322 4000 et
337 3953 503 4016 praestantes
522 3941 559 3995 Bb
580 3945 711 4014 ceterique
730 3943 801 3996 editi.
841 3942 900 3996 Post
917 3959 942 3996 v.
962 3945 1153 3997 certaminibus
1173 3939 1300 3993 costerius

210 4043 236 4086 et
254 4041 390 4103 sequentes
410 4031 520 4084 editores
539 4032 673 4084 inferciunt
690 4037 791 4104 masin,
818 4047 868 4101 quo
893 4047 956 4101 opus
981 4047 1030 4083 nnn
1050 4035 1098 4082 est.
1135 4028 1174 4080 De
1192 4028 1241 4080 hcc
1258 4027 1334 4092 Ιο-ι
1369 4100 1374 4106 ,

211 4122 303 4188 quendi
322 4137 368 4172 usu
387 4120 439 4179 vid.
461 4123 566 4189 Gnoson·
583 4123 609 4172 iu
627 4120 713 4172 libello
738 4135 814 4187 supra
832 4119 934 4174 laudnto
953 4137 978 4188 p.
999 4118 1039 4170 16.
1084 4119 1108 4170 8.
1127 4121 1241 4172 Airaam
1259 4115 1299 4166 W.

210 4207 247 4266 Bc
270 4217 296 4262 et
317 4207 379 4272 edd.
399 4205 464 4274 Med.
484 4205 592 4262 nmero.
616 4216 692 4278 etque
710 4206 823 4275 Essem,
851 4211 980 4266 tinctam
1002 4205 1061 4260 libri
1083 4203 1139 4261 rell.
1165 4204 1250 4274 tempti
1276 4211 1302 4257 et
