2932 4700
186 381 229 445 gp
634 373 659 431 a.
678 373 836 429 nnnnosu

186 557 270 618 rum,
300 537 426 602 inferior
454 541 552 598 tamen
582 540 647 598 erat
675 554 728 614 eo,
762 536 811 617 qui
841 535 938 599 minor
965 535 1062 598 estin
1084 550 1181 619 regno
1210 552 1284 598 cae-

187 653 291 717 lorum.
311 650 340 738 ¹)

277 762 348 830 157.
393 763 495 827 Potest
517 767 547 824 et
570 763 629 824 sic:
652 760 719 823 Non
743 761 873 824 abundat
896 759 944 823 dei
963 761 1057 844 gratia
1080 761 1286 843 corporaliter,

190 877 257 958 quia
290 873 430 956 spiritalis
462 878 517 934 est.
564 872 637 946 Quis
670 878 769 952 potest
803 873 867 935 eius
898 879 948 934 aut
976 873 1206 956 magnitudinem
1237 881 1287 938 aut

188 989 368 1054 latitudinem
392 984 658 1066 conprehendere,
691 1002 777 1064 quam
801 1002 860 1047 non
885 985 994 1048 videt?
1038 986 1127 1050 Fides
1150 986 1288 1050 siluerit

190 1107 267 1167 siout
289 1119 414 1186 grarmm
443 1100 570 1181 sinapis,
601 1103 717 1160 montes
745 1097 909 1161 transferre
935 1105 1053 1180 potest,
1084 1107 1115 1163 et
1143 1118 1205 1164 non
1234 1101 1288 1163 tibi

190 1217 276 1279 datur
298 1215 375 1278 ultra
398 1231 522 1296 granum
546 1212 666 1293 sinapis.
712 1211 742 1277 Si
766 1212 896 1274 abundet
917 1214 948 1275 in
969 1219 998 1274 te
1021 1213 1134 1296 gratia,
1157 1231 1217 1277 non
1241 1221 1288 1278 est

189 1329 369 1406 verendum,
401 1345 440 1389 ne
471 1343 555 1388 mens
585 1331 636 1388 tna
658 1330 739 1386 tanto
769 1342 893 1387 munere
920 1325 1039 1406 incipiat
1068 1324 1186 1402 extolli,
1219 1325 1287 1405 quia

189 1443 270 1506 multi
300 1447 386 1520 sunt,
421 1439 472 1520 qui
502 1438 538 1499 ab
562 1436 715 1498 altitudine
745 1436 843 1498 cordis
875 1437 921 1499 sui
950 1439 1072 1519 gravius
1100 1442 1287 1516 corruerumt,

191 1556 321 1637 quamsi
339 1553 447 1616 nullam
470 1551 645 1613 habuissent
667 1550 715 1612 dei
738 1551 888 1632 gratiam?
932 1550 969 1614 Et
991 1552 1042 1632 qui
1063 1568 1167 1633 parum
1188 1550 1288 1629 habet,

190 1687 252 1732 non
274 1668 394 1746 minuit,
426 1666 577 1745 quianon
602 1670 865 1746 estcorporeum,
900 1671 932 1727 ut
954 1664 1099 1728 dividatur
1107 1687 1116 1742 ;
1151 1672 1181 1729 et
1209 1661 1289 1745 quod

190 1802 294 1865 parum
317 1781 435 1844 videtur
456 1779 592 1857 habenti,
614 1777 770 1859 plurimum
795 1784 840 1840 est
864 1779 912 1840 cui
934 1779 1007 1842 nihil
1030 1777 1122 1840 deest.

282 1891 352 1958 158.
398 1890 620 1955 consideranda
643 1893 729 1953 etiam
754 1892 782 1952 in
804 1891 960 1973 largiendo
983 1899 1065 1955 aetas
1089 1899 1178 1973 atque
1201 1889 1289 1954 debi-

191 2011 272 2090 litas,
305 2025 526 2087 nonnumquam
558 2007 645 2068 etiam
676 2006 874 2084 verecundia,
909 2025 985 2098 quae
1015 2007 1163 2090 ingenuos
1191 2001 1291 2086 prodit

192 2123 325 2201 natales,
356 2129 390 2183 ut
419 2120 540 2184 senibus
571 2121 637 2200 plus
665 2120 819 2202 largiaris,
852 2121 902 2200 qui
928 2121 984 2185 sibi
1014 2121 1119 2181 labore
1148 2119 1205 2180 iam
1228 2135 1290 2180 non

192 2240 306 2315 queunt
336 2232 443 2296 victum
475 2248 634 2311 quaerere.
681 2231 820 2295 Similiter
852 2235 881 2292 et
911 2230 1045 2294 debilitas
1076 2229 1227 2311 corporis,
1260 2237 1291 2292 et

191 2347 268 2408 haec
299 2345 426 2408 iuvanda
454 2346 627 2426 promptius.
674 2347 756 2408 Tunc
780 2347 806 2408 si
836 2346 901 2425 quis
933 2364 972 2407 ex
995 2344 1101 2407 divitiis
1133 2344 1238 2408 cecidit
1260 2346 1290 2407 in

193 2465 376 2541 egestatem,
408 2463 439 2518 et
469 2459 595 2519 maxime
618 2458 644 2519 si
666 2475 728 2520 non
758 2459 830 2520 vitio
861 2475 932 2537 suo,
963 2459 1017 2522 sed
1048 2465 1098 2522 aut
1128 2458 1291 2523 latrociniis
1397 2451 1400 2456 ’

194 2579 244 2633 aut
266 2570 483 2652 proscriptione
506 2577 555 2631 aut
578 2570 731 2632 calumniis
755 2589 832 2650 quae
854 2571 982 2634 habebat
1004 2573 1108 2635 amisit.

284 2680 354 2745 159.
400 2681 459 2746 Sed
483 2680 561 2744 forte
586 2662 807 2764 dicataliquis:
842 2683 956 2748 Caecus
979 2705 1040 2750 uno
1062 2687 1130 2750 loco
1153 2686 1293 2750 sedetet

194 2797 387 2879 praeteritur,
419 2799 449 2857 et
477 2795 592 2856 iuvenis
623 2794 738 2857 validus
767 2794 942 2876 frequenter
964 2799 1078 2879 accipit.
1123 2797 1160 2861 Et
1187 2815 1292 2862 verum

195 2917 257 2987 est,
290 2909 358 2988 quia
389 2908 506 2988 obrepit
535 2926 590 2988 per
619 2908 867 2988 inportunitatem.
912 2910 980 2973 Non
1012 2917 1057 2973 est
1079 2911 1151 2974 illud
1182 2911 1293 2993 iudicii,
1339 2946 1341 2950 ·

195 3021 249 3084 sed
270 3021 367 3084 taedii.
412 3020 487 3081 Nam
511 3025 540 3081 el
562 3020 699 3083 dominus
723 3019 810 3106 1111)
841 3024 870 3086 in
903 3025 1061 3106 evangelio
1093 3025 1130 3086 de
1159 3043 1214 3105 eo,
1243 3028 1293 3107 qui

195 3135 252 3196 iam
283 3135 429 3197 clauserat
462 3135 569 3197 ostium
600 3153 702 3215 suum,
738 3139 764 3199 si
796 3139 862 3218 quis
898 3140 1004 3201 ostium
1039 3137 1104 3201 cius
1135 3117 1321 3220 procacius

195 3249 308 3330 pulset,
332 3251 401 3330 quia
423 3249 520 3332 surgit
543 3255 573 3312 et
595 3250 643 3314 dat
666 3250 706 3313 illi
729 3257 854 3338 propter
875 3251 1124 3331 inportunitatem.

579 3448 749 3515 chaun
782 3399 910 3516 xxxa.

195 3584 337 3652 Acceptum
355 3585 507 3638 beneficium
525 3586 627 3654 largiori
640 3604 715 3639 mauu
727 3588 910 3640 remetiendum
928 3597 1013 3640 terrae
1030 3587 1186 3656 praecipitur
1203 3601 1294 3638 exem·

196 3671 254 3739 plo;
274 3689 322 3724 nec
341 3687 392 3724 non
411 3673 534 3726 adductus
547 3674 579 3725 ad
593 3675 699 3727 eandem
712 3690 766 3727 rem
779 3675 918 3728 Salomonis
935 3677 968 3728 de
984 3676 1101 3728 convivio
1119 3674 1192 3728 locus
1204 3682 1296 3742 postea

562 3759 668 3828 spiritali
685 3776 762 3812 sensu
780 3763 922 3828 exponitur.

288 3871 357 3936 160.
403 3852 558 3936 Pulchrum
593 3893 714 3956 quoque
750 3882 796 3938 est
829 3878 1056 3959 propensiorem
1090 3877 1155 3940 eiua
1192 3875 1295 3939 haberi

197 3984 362 4061 rationem,
397 3983 447 4064 qui
470 3985 520 4047 tibi
544 3991 594 4048 aut
615 3985 791 4050 beneficium
814 3987 931 4067 aliquod
961 3995 1011 4050 aut
1033 4007 1139 4054 munus
1161 3988 1295 4070 contulit,

199 4101 405 4110 ——-—-.—-...

271 4152 297 4218 t)
316 4151 402 4206 batth.
422 4151 464 4220 11,
483 4153 514 4205 11
537 4163 563 4206 ct
579 4155 639 4208 Luc.
658 4155 684 4223 7,
702 4155 745 4214 28.
817 4157 845 4227 2)
864 4155 923 4212 Luc.
944 4154 985 4231 11,
1004 4158 1029 4217 8,
