2932 4700
568 425 593 481 s.
614 425 778 481 nuanosn
1174 427 1215 495 {a

118 593 302 670 precaturus
332 603 388 667 pro
419 586 479 665 eis,
515 587 622 669 quibus
652 586 738 651 facile
767 587 855 651 venia
882 588 1026 669 inpetrata
1055 597 1117 670 est,
1148 591 1216 672 quia

23 684 26 703 '
119 702 310 766 Christianus
332 703 493 784 imperator
515 688 690 784 provolutul
710 702 747 764 ad
764 701 857 785 pedes
873 701 1039 766 sacerdotis
1056 704 1218 767 testabatur

118 818 238 881 meritis
263 822 292 879 et
315 817 496 880 orationibus
520 817 583 880 eius
606 835 640 881 se
664 835 733 880 esse
756 823 914 880 servatum.

214 927 265 994 32.
309 927 475 991 Revertens
499 929 598 1010 itaque
623 929 660 991 de
675 929 749 992 urbe
764 929 950 1011 Aquileiensi
973 951 1033 995 uno
1056 931 1103 994 die
1127 951 1219 1014 prae-

118 1045 215 1108 cessit
243 1045 470 1124 imperatorem,
504 1063 561 1107 nec
584 1044 633 1106 diu
657 1043 903 1107 clementissimae
932 1047 1091 1119 memoriae
1114 1045 1219 1110 Theo-

119 1157 230 1221 dosius
254 1157 415 1238 imperator
438 1158 586 1238 susceptis
609 1156 675 1220 liliis
691 1157 720 1218 in
737 1157 864 1220 ecclesia
881 1163 910 1219 et
933 1157 1046 1221 traditis
1071 1159 1220 1222 sacerdoti

24 1244 27 1259 Ι
118 1274 151 1335 in
176 1271 235 1334 bac
251 1271 319 1333 luce
338 1270 399 1334 luit.
443 1270 513 1333 Post
536 1273 620 1334 cuius
645 1271 754 1334 obitum
778 1270 843 1335 fere
866 1272 1022 1335 triennium
1046 1271 1219 1353 supervixit.

120 1387 192 1461 Ouo
217 1386 246 1447 in
269 1391 405 1466 tempore
428 1385 521 1447 sancti
543 1383 662 1447 Nazarii
685 1387 820 1468 martyris
844 1403 972 1467 corpus,
1000 1386 1080 1466 quod
1104 1390 1168 1448 erat
1190 1384 1219 1446 in

118 1501 212 1562 borlo
235 1500 362 1580 positum
387 1505 472 1560 extra
499 1497 663 1577 civitatem,
693 1499 823 1561 levatum
850 1499 886 1561 ad
912 1499 1061 1562 basilicam
1093 1505 1221 1582 aposlo-

23 1589 25 1650 Ῠ
121 1614 239 1691 lorum,
273 1631 349 1692 quae
381 1619 427 1674 est
458 1612 487 1674 in
518 1610 666 1691 Romana,
700 1612 854 1676 transtulit.
898 1611 1031 1676 Vidimus
1063 1619 1160 1676 autem
1191 1614 1220 1676 in

37 1710 42 1719 ¹
121 1724 306 1806 sepulchro,
338 1725 367 1785 in
400 1742 460 1804 quo
491 1723 606 1786 iacebat
635 1741 745 1806 corpus
777 1725 928 1808 martyris,
959 1727 1008 1806 qui
1042 1728 1161 1806 quando
1185 1728 1222 1790 sit

20 1850 30 1914 p·
122 1855 248 1920 passus,
273 1855 369 1919 usque
393 1839 422 1900 in
446 1837 623 1901 hodiernum
654 1841 733 1902 scire
755 1858 816 1902 non
838 1859 1013 1922 possumus,
1047 1844 1222 1926 sanguinem

19 1969 20 1992 ³
125 1953 268 2035 martyris
291 1953 331 2014 ita
353 1959 522 2032 recentem,
546 1955 631 2034 quasi
654 1954 757 2016 eadem
775 1953 824 2017 die
840 1954 945 2018 luisset
967 1953 1088 2018 effusus.
1130 1956 1222 2038 Caput

125 2068 214 2130 etiam
245 2067 356 2147 ipsius,
388 2067 468 2146 quod
502 2068 538 2129 ab
568 2069 663 2151 impiis
693 2068 790 2132 luerat
816 2069 977 2148 abscisum,
1010 2070 1049 2131 ila
1075 2070 1222 2152 integrum

125 2187 215 2260 atque
239 2180 441 2259 incorruptum
467 2197 532 2242 cum
556 2179 667 2260 capillis
699 2180 801 2260 capitis
824 2187 913 2260 atquc
939 2180 1046 2260 barba,
1078 2189 1110 2243 ut
1135 2182 1222 2245 nobis

19 2367 20 2370 Ἴ
126 2292 281 2356 videretur
314 2292 421 2355 eodem
444 2298 595 2374 tempore,
628 2311 687 2374 quo
714 2293 887 2373 levabatur,
916 2294 1008 2357 lotum
1027 2301 1119 2377 ¹atque
1144 2315 1222 2360 con-

126 2407 256 2489 positum
272 2407 302 2468 in
321 2405 489 2488 sepulchro.
534 2405 570 2468 Et
589 2406 658 2486 quid
682 2408 802 2487 mirum,
826 2406 1064 2489 quandoquidem
1087 2409 1222 2474 dominus

126 2519 185 2583 hoc
208 2521 238 2582 in
262 2520 418 2603 evangelio
441 2526 509 2582 ante
531 2521 665 2602 promisit
691 2519 771 2605 quod
794 2522 915 2604 capillus
940 2521 1094 2606 decapite
1119 2543 1222 2588 eorum

126 2653 188 2698 non
211 2634 346 2716 peribit?
366 2630 394 2718 ¹)
438 2633 531 2697 Etiam
555 2634 650 2698 odore
673 2642 753 2700 tanto
775 2636 882 2718 repleti
900 2655 1015 2719 sumus,
1039 2644 1071 2701 ut
1094 2641 1222 2702 omnium

126 2753 290 2812 aromatum
312 2748 448 2810 vinceret
469 2747 650 2810 suavitatem.

216 2859 265 2924 33.
312 2862 378 2937 Ouo
401 2860 501 2924 levato
525 2879 654 2942 corpore
677 2863 814 2944 martyris
839 2869 868 2924 et
883 2863 913 2924 in
935 2861 1040 2924 lectica
1063 2862 1220 2942 conposito

126 2976 225 3040 statim
257 2975 294 3037 ad
327 2981 459 3039 sanctum
490 2974 608 3038 Celsum
639 2982 815 3059 martyrem,
853 2976 903 3056 qui
933 2976 964 3036 in
998 2972 1103 3036 eodem
1133 2974 1221 3038 horto

21 3148 24 3167 ,
126 3091 241 3172 positus
270 3096 329 3170 est,
360 3107 425 3152 cum
455 3096 558 3153 sancto
590 3090 747 3154 sacerdote
771 3090 806 3153 ad
832 3091 995 3153 orationem
1023 3090 1220 3169 perreximus.

127 3203 293 3283 Numquam
322 3206 418 3264 tamen
450 3202 530 3266 illum
554 3208 621 3267 ante
646 3221 750 3266 orasse
773 3203 802 3264 in
826 3201 932 3264 eodem
955 3202 1023 3265 loco
1048 3209 1221 3284 conpertum

127 3315 270 3379 babemus
277 3336 287 3394 3
322 3315 377 3380 sed
398 3317 457 3379 boo
481 3324 544 3379 erat
567 3318 685 3398 signum
707 3317 832 3379 revelati
862 3315 1016 3398 martyris,
1046 3317 1072 3377 si
1102 3320 1221 3378 sanctus

127 3429 271 3495 sacerdos
294 3430 330 3494 ad
353 3430 468 3511 locum,
500 3431 537 3493 ad
561 3449 649 3512 quem
672 3449 830 3511 numquam
853 3436 939 3493 antea
962 3430 1076 3509 luerat,
1106 3436 1239 3492 oratum¹

127 3546 209 3607 isset.
255 3543 459 3628 cognovimus
492 3546 590 3604 tamen
619 3559 636 3602 a
666 3542 838 3605 custodibus
867 3541 927 3606 loci
958 3541 1067 3622 ipsius,
1101 3539 1222 3620 quoda

17 3645 18 3734 f
126 3657 299 3741 parentibus
324 3659 386 3722 suis
408 3655 465 3719 illis
492 3655 629 3718 traditum
658 3657 712 3735 sit,
744 3674 805 3719 non
838 3655 994 3719 discedere
1017 3653 1054 3717 de
1078 3653 1147 3717 loco
1170 3653 1221 3718 illo

128 3791 324 3855 peromnem
353 3769 579 3854 generationem
612 3776 642 3832 et
673 3771 848 3852 progeniem
879 3787 1016 3849 suorum,
1051 3787 1106 3849 eo,
1140 3767 1222 3848 quod

128 3883 261 3948 thesauri
288 3884 387 3968 magni
409 3883 439 3944 in
463 3880 569 3944 eodem
599 3881 667 3944 loco
696 3883 785 3964 positi
814 3887 922 3945 essent.
967 3882 1004 3945 Et
1025 3901 1099 3945 vere
1122 3883 1222 3966 magni

127 3997 276 4078 thesauri,
308 4016 385 4079 quoa
408 4016 471 4061 aaa
494 4015 628 4077 canapo,
659 4015 758 4078 acque
779 3997 864 4060 tinea
887 3998 1090 4075 exterminat,
1124 4015 1221 4080 neque
1252 3973 1259 4084 l

199 4240 227 4308 l)
245 4241 304 4295 Luc.
323 4239 367 4308 21,
386 4238 419 4292 18
437 4247 464 4292 et
482 4238 524 4308 12,
543 4240 568 4293 7.
605 4239 691 4293 blattb.
712 4238 754 4304 lo,
774 4237 814 4292 30.

180 4337 340 4390 Auanosrus.
992 4335 1013 4399 2
