2932 4700
196 310 240 378 88
642 300 667 357 s.
687 299 842 356 nuunosu

193 467 350 548 plurimum
379 463 537 528 redhibitio
568 461 624 524 ista
651 461 766 543 gratiae
789 460 867 540 apud
890 457 976 521 deum
1000 459 1157 524 consuevit
1179 458 1291 538 valere,

194 586 226 643 ut
249 580 337 642 etiam
360 578 390 639 in
411 577 462 638 rlie
484 577 588 639 ruinae
612 573 743 636 inveniat
766 575 899 657 gratiam,
923 571 1042 654 quando
1058 578 1185 653 possunt
1198 589 1291 652 prae-

194 688 363 772 ponderare
386 693 515 769 peecata.
561 685 597 748 Et
620 683 690 765 quid
715 683 778 747 aliis
801 689 867 746 utar
891 683 1045 765 exemplis,
1069 704 1136 748 oum
1156 685 1292 749 dominus

194 805 259 885 ipse
281 801 552 865 remunerationem
574 799 745 861 uberiorem
767 805 940 861 sanctorum
959 800 1071 862 meritis
1087 800 1117 862 in
1133 800 1291 882 evangelio

193 916 369 998 polliceatur
401 922 490 994 atque
517 911 707 990 exhortetur,
738 919 771 972 ut
797 929 956 992 operemur
982 913 1092 974 bouum
1120 931 1212 994 opus,
1243 912 1292 974 di-

194 1047 281 1091 cens:
296 1009 501 1111 ¹)'Dlmr'ttlte
525 1034 555 1087 et
577 1026 745 1087 dimittetur
767 1023 876 1098 oobls;
899 1026 969 1087 dote
991 1035 1022 1087 et
1042 1025 1168 1088 dabitur
1183 1025 1293 1098 vobis;

193 1160 369 1203 mensnram
403 1138 532 1216 bonam,
570 1145 766 1212 commotam,
805 1135 1075 1215 supereffluentem
1108 1138 1227 1202 dubunt
1260 1139 1294 1199 ln

194 1255 295 1316 sinam
318 1253 480 1315 oestrum?

283 1364 355 1430 163.
400 1365 501 1448 ltaque
525 1372 555 1427 et
577 1365 647 1427 illuri
670 1365 842 1428 convivium
865 1364 1031 1430 Salomonis
1060 1382 1121 1428 non
1148 1365 1186 1428 de
1210 1365 1293 1447 cibis,

195 1480 249 1543 sed
273 1479 311 1542 de
334 1480 474 1561 operibus
498 1485 544 1542 est
565 1480 660 1541 bonis.
700 1479 767 1552 Quo
791 1479 868 1540 enim
892 1477 997 1540 melius
1022 1479 1178 1559 epulantur
1195 1481 1294 1562 enimi,

196 1612 282 1675 quam
304 1593 392 1656 bonis
416 1592 527 1654 iactis?
564 1591 625 1653 Aut
650 1591 726 1684 quid¹
743 1592 821 1654 aliud
846 1598 904 1654 tam
928 1589 1015 1654 raone
1034 1597 1133 1672 potest
1151 1593 1294 1656 iustorum

97 1788 102 1795 '
196 1708 320 1789 explere
350 1712 482 1784 mentes,
514 1723 599 1784 quam
628 1705 698 1767 boni
728 1706 828 1786 operis
857 1702 1066 1766 conscientia?
1111 1703 1168 1776 Qui
1197 1711 1294 1768 autem

197 1817 355 1883 iucundior
377 1818 477 1895 cibus,
512 1835 599 1896 quam
622 1816 722 1878 iacere
746 1816 929 1878 voluntatem
953 1815 1026 1877 dei?
1072 1815 1166 1888 Quem
1198 1818 1295 1880 eibum

197 1933 294 1996 solum
317 1932 373 1994 sibi
397 1929 532 1993 dominns
561 1930 713 1992 abundare
742 1930 940 2008 memorabat,
973 1931 1049 1993 sieut
1076 1931 1218 2011 scriptum
1249 1938 1296 1994 est

196 2043 226 2106 in
243 2043 416 2126 evangelio:
430 2038 463 2124 ²)
486 2040 572 2103 Meos
596 2041 684 2102 eibos
708 2049 763 2117 est,
788 2050 822 2102 nt
842 2040 958 2118 sociam
981 2042 1170 2106 volontatem
1189 2047 1295 2124 patris

195 2157 273 2234 mel,
297 2156 475 2237 potestte
499 2156 593 2218 coelo.

287 2265 356 2332 let.
395 2268 460 2331 Hoo
482 2269 550 2331 cibo
575 2268 765 2348 delectemur,
789 2267 827 2330 de
851 2286 910 2348 quo
934 2269 973 2331 ait
995 2267 1158 2350 propheta:
1173 2264 1205 2350 ³)
1227 2269 1297 2343 De-¹

197 2385 313 2444 tecture
342 2383 375 2443 io
399 2382 532 2445 domino.
580 2383 645 2445 Hoo
668 2384 734 2445 elbo
759 2382 940 2445 delectantur
964 2383 1015 2463 qui
1038 2383 1212 2462 superiores
1236 2383 1294 2446 de-

195 2493 371 2555 lectationes
395 2466 518 2554 mirabili
542 2494 662 2574 ingenio
681 2492 974 2574 conprehenderunt,
998 2495 1049 2574 qui
1065 2502 1191 2576 possunt
1206 2497 1295 2576 seire,

198 2604 292 2684 qualis
316 2605 353 2664 sit
375 2604 483 2666 munda
506 2605 553 2667 illa
573 2613 602 2667 et
619 2606 820 2687 intellegibilis
838 2607 944 2669 mentis
962 2605 1127 2670 delectatio.
1165 2607 1295 2672 Edamus

197 2733 272 2798 ergo
296 2733 389 2796 panes
413 2718 592 2797 sapientiae,
625 2724 654 2779 et
676 2727 843 2781 saturemur
864 2719 958 2782 verbo
983 2720 1048 2801 dei,
1080 2722 1147 2802 quia
1178 2739 1238 2784 non
1265 2723 1295 2784 in

197 2830 263 2892 solo
286 2847 380 2910 pane,
413 2827 467 2890 sed
496 2829 526 2889 in
556 2832 635 2891 omni
666 2830 759 2892 verbo
790 2830 838 2893 dei
865 2831 925 2892 vita
949 2837 995 2893 est
1016 2832 1143 2894 bominis
1166 2830 1236 2894 facti
1258 2832 1300 2914 all¹

197 2944 356 3024 imaginem
378 2941 434 3003 dei.
479 2941 524 3003 De
553 2942 662 3023 poculo
692 2961 767 3005 vero
799 2945 869 3006 satis
901 2961 1046 3025 expresse
1075 2944 1145 3007 dicit
1174 2953 1295 3010 sanetus

198 3055 264 3118 lob:
277 3051 309 3137 4)
321 3055 409 3115 Sient
421 3062 505 3116 terro
517 3063 704 3131 eoepeotons
713 3057 861 3134 pluviam,
874 3057 921 3118 stc
933 3064 963 3118 et
973 3057 1026 3120 isti
1037 3075 1192 3122 sermones
1201 3078 1295 3122 meos.

574 3249 745 3317 CAPUT
778 3252 922 3318 XXXII.

197 3417 339 3470 Praemisso
369 3416 428 3485 quid
452 3417 549 3485 gratiae
575 3415 608 3468 ob
635 3416 769 3468 memorati
797 3419 909 3470 convivii
935 3418 1033 3470 fereula
1059 3421 1093 3471 sit
1113 3418 1294 3489 ,referendum

197 3504 1296 3571 mmmfflfflmffihmmoemmmfflahmmmm

465 3592 1029 3660 mmmmmmmmmn

289 3731 359 3798 165.
405 3734 561 3797 Pulchrum
598 3741 645 3797 est
681 3753 776 3817 ergo,
815 3743 846 3798 ut
885 3737 1050 3800 divinarum
1083 3736 1296 3817 seripturarum

199 3864 385 3912 umeseamus
414 3846 543 3925 alloquio
575 3853 605 3910 et
635 3847 721 3928 quasi
749 3864 801 3909 ros
828 3847 873 3908 sic
902 3848 932 3908 in
962 3865 1025 3924 nos¹
1050 3847 1099 3910 dei
1121 3848 1215 3911 verba
1238 3846 1295 3911 de-

271 4085 298 4154 l)
317 4085 376 4140 Luc.
389 4087 414 4156 6,
426 4087 459 4140 37
474 4104 528 4158 seq.
576 4088 604 4158 2)
622 4089 709 4144 lounn.
722 4087 748 4155 4,
762 4085 804 4157 34.
851 4086 879 4156 3)
898 4086 938 4141 Pe.
952 4085 994 4158 36,
1006 4087 1032 4141 4.
1057 4169 1060 4174 1
1076 4087 1107 4162 4)
1125 4085 1237 4160 Ιουὴρβθ,
1250 4085 1293 4146 2³.
