2976 4706
235 385 297 452 192
672 380 870 436 s.ansn0sn

234 545 297 608 dira
321 545 496 611 conficiebat
517 545 618 622 tabes;
649 551 775 626 quantos
798 545 863 608 urbi
885 563 957 610 suae
980 543 1097 628 perire,
1120 544 1169 625 qui
1191 545 1326 608 solerent
1350 615 1361 638 υ

233 660 401 724 adiumento
427 679 496 725 esse
518 661 567 724 vel
589 661 619 723 in
639 660 830 724 conterendis
854 660 992 724 subsidiis
1015 659 1065 722 vel
1086 661 1116 724 io
1138 659 1325 724 celebrandis

236 775 437 854 commerciis3
471 775 617 838 neminem
648 773 754 838 iamem
783 776 908 839 alienam
938 775 1060 855 iuvare,
1094 774 1270 856 protrahere
1293 779 1325 838 ut

236 887 390 970 plurbnum
414 889 491 952 diern
514 905 615 970 posse,
638 906 699 951 non
720 889 849 969 inopiam
865 888 1022 972 repellere,
1045 887 1133 950 immo
1157 893 1201 950 tot
1223 887 1324 950 culto-

233 1002 316 1064 ribus
341 1003 504 1081 exstinctis,
527 1008 571 1064 tot
592 1002 731 1084 agricolis
755 1002 968 1081 occidentibus,
993 1019 1136 1064 occasura
1159 1001 1188 1064 in
1212 1019 1325 1083 perpe-

234 1121 314 1178 tuum
338 1116 469 1180 subsidia
492 1116 691 1179 frumentaria.
729 1115 791 1178 llos
814 1117 904 1197 igitur
926 1115 1122 1194 excludimus,
1145 1116 1195 1196 qui
1217 1117 1325 1178 victum

232 1231 320 1294 nobis
343 1229 456 1294 inierre
480 1236 677 1307 corisuerunt3
701 1230 757 1293 bos
780 1230 916 1293 nolumus
932 1230 961 1292 in
981 1235 1116 1311 tempore
1139 1230 1326 1292 necessitatis

233 1363 379 1429 pascere,
413 1345 464 1426 qui
485 1363 541 1407 nos
571 1345 650 1409 omni
679 1351 776 1407 aetate
803 1343 963 1427 paveruntl
1009 1345 1122 1419 Quanta
1152 1351 1220 1406 sunt
1250 1361 1327 1424 quae

235 1460 271 1521 ab
294 1461 365 1542 ipsis
388 1459 475 1522 nobis
501 1459 559 1522 boc
587 1460 652 1541 ipso
683 1465 817 1540 tempore
848 1459 1065 1522 ministranturl
1110 1459 1180 1520 Noc
1204 1458 1238 1519 in
1260 1458 1328 1521 acto

154 1639 156 1642 ,
230 1591 315 1652 pone
337 1574 415 1635 oioa't
436 1573 534 1636 bomo.
551 1569 581 1654 Ι)
625 1572 735 1634 Nostra
758 1570 816 1634 illic
838 1570 962 1651 familia,
994 1572 1128 1654 plerique
1159 1572 1245 1638 etiam
1267 1589 1328 1633 no-

234 1686 287 1748 stri
308 1691 447 1768 parentes
470 1689 546 1747 sunt.
590 1682 758 1745 Reddamus
780 1681 860 1764 quod
884 1685 1060 1765 accepimus.

322 1797 374 1861 dl.
419 1797 478 1863 Sed
495 1815 633 1862 veremur
645 1815 682 1858 ne
695 1796 876 1861 cumulemus
892 1798 1028 1881 inopiam.
1061 1799 1187 1861 Primum
1200 1797 1329 1860 omnium

235 1912 438 1977 misericordia
463 1887 621 1993 numr‘puam
640 1911 820 1991 desumitur,
843 1912 896 1974 sed
917 1912 1079 1976 adiuvatur.
1116 1911 1231 1975 Deinde
1254 1911 1342 1974 sub--

173 2095 175 2102 ,
235 2005 309 2092 sidio
341 2047 494 2108 annonae,
529 2046 606 2109 quae
638 2028 683 2091 bis
714 2027 899 2109 inpertienda
930 2036 1014 2108 sunt,
1046 2028 1214 2092 conlatione
1244 2025 1329 2090 redi-

234 2157 366 2220 mamus,
395 2157 570 2224 reparemus
594 2159 677 2203 auro.
721 2140 869 2222 Numquid
895 2139 940 2205 bis
964 2140 1168 2206 deficientibus
1198 2160 1258 2205 non
1281 2141 1331 2204 alii

234 2253 321 2318 nobis
354 2255 520 2320 redimendi
555 2257 685 2320 cultores
714 2256 875 2320 videntur?
927 2257 1043 2330 Quanto
1077 2257 1163 2318 vilius
1195 2261 1240 2320 est
1271 2274 1330 2337 pa-

235 2388 339 2451 scere,
362 2392 448 2453 quam
470 2391 572 2436 emere
595 2373 762 2436 cultorem?
807 2373 862 2436 Ubi
885 2374 971 2435 etiam
995 2389 1135 2455 repares,
1165 2370 1215 2434 ubi
1239 2371 1330 2432 inve-

235 2485 300 2547 nias
326 2503 412 2564 qucm
440 2485 613 2550 reformes?
656 2486 760 2565 Adde,
790 2488 816 2548 si
846 2488 996 2565 invenias,
1030 2485 1110 2568 quod
1143 2486 1278 2569 ignarum
1301 2488 1332 2545 et

236 2597 325 2660 alieni
346 2605 434 2677 risus,
457 2617 580 2662 numero
604 2601 702 2680 possis
725 2599 922 2678 substituere,
946 2616 1006 2662 non
1031 2599 1129 2662 cultui.

322 2707 373 2774 48.
420 2710 496 2786 Ouid
526 2711 634 2792 plura?
678 2710 802 2775 Conlato
836 2729 910 2774 auro
941 2719 1044 2775 coacta
1074 2711 1220 2774 frumenta
1250 2715 1328 2774 suot.

235 2824 278 2888 lta
301 2842 358 2886 nce
381 2823 585 2888 abundantiam
608 2824 690 2886 urbis
713 2825 815 2886 minuit
830 2829 859 2888 et
874 2826 1041 2908 peregrinis
1066 2825 1231 2887 alimoniam
1254 2824 1329 2887 sub-

237 2939 419 3001 ministravit.
458 2938 591 3012 Quantae
607 2937 664 3000 boc
683 2937 947 3003 commendationis
969 2938 1046 3020 apud
1069 2938 1158 3002 deum
1180 2937 1234 3000 fuit
1255 2955 1329 3001 san-

237 3053 368 3114 ctissimo
400 3051 480 3131 seni,
512 3058 640 3133 quantae
670 3051 747 3134 apud
777 3052 911 3116 homines
942 3051 1075 3136 gloriae!
1121 3053 1175 3116 ilie
1204 3067 1329 3134 magnus

237 3182 312 3228 vere
334 3166 493 3247 probatus,
516 3165 567 3248 qui
584 3183 657 3228 vero
676 3167 771 3248 potuit
791 3167 960 3250 imperatori
983 3166 1099 3245 dicere,
1124 3165 1329 3230 demonstrans

236 3278 410 3362 provinciae
431 3281 519 3342 totius
542 3280 685 3362 populos:
708 3280 771 3344 lios
794 3281 845 3344 tibi
868 3298 972 3344 omnes
994 3281 1159 3359 reservavi,
1181 3279 1213 3342 bi
1228 3279 1330 3343 vivunt

236 3392 384 3457 beneficio
407 3395 447 3456 tui
469 3401 607 3472 senatus,
631 3393 686 3457 bos
709 3399 758 3456 tua
780 3393 862 3456 curia
884 3394 972 3455 morti
995 3393 1120 3456 abstulit
1356 3384 1360 3389 ’

324 3503 375 3573 49.
421 3509 537 3583 Quanto
561 3508 618 3571 boc
640 3508 757 3587 utilius,
785 3526 872 3589 quam
893 3506 981 3585 illud,
1005 3505 1085 3588 quod
1107 3503 1242 3586 proximo
1263 3503 1328 3565 lto-

237 3640 303 3686 mae
327 3621 434 3685 lactum
458 3631 520 3703 est,
544 3623 656 3687 eiectos
679 3640 748 3686 esse
770 3624 844 3685 urbe
867 3621 1059 3704 amplissima,
1081 3620 1131 3700 qui
1153 3620 1210 3681 iam
1231 3617 1329 3700 pluri-

237 3752 313 3798 mam
332 3735 392 3796 illie
415 3741 539 3798 aetatem
562 3737 779 3819 transegerant,
801 3734 906 3798 ilentes
930 3753 995 3796 oum
1011 3733 1076 3796 liliis
1091 3734 1200 3812 abisse,
1223 3732 1328 3813 quibus

238 3847 320 3911 velut
354 3847 467 3910 civibus
500 3847 696 3911 amoliendum
730 3847 865 3910 exsilium
904 3844 1111 3927 deplorarent,
1150 3844 1328 3924 interruptas

239 3961 425 4043 conplurium
461 3962 717 4041 necessitudines,
755 3961 915 4043 diremptas
952 3956 1132 4022 affinitates?
1176 3955 1213 4020 lit
1244 3963 1328 4020 certe

309 4203 338 4274 l)
355 4203 430 4258 licut.
448 4201 475 4270 8,
493 4201 517 4254 3.
