2976 4706
224 354 288 422 154
676 357 702 412 S.
720 357 878 413 autnostl

310 515 361 586 al.
406 522 525 587 Sciebat
546 527 575 583 et
598 518 751 582 abundare
773 517 896 599 Paulus,
917 514 946 601 ι)
969 518 1037 600 qula
1053 518 1182 581 animum
1196 515 1324 580 latebat

222 634 352 714 divitem,
376 636 432 696 etsi
456 634 627 698 thesaurum
651 631 748 695 divitis
767 649 830 695 non
848 630 983 694 habebat
1021 630 1139 695 Sciebat
1160 629 1322 712 umere,

221 749 355 830 quinon
380 748 543 829 quaerebat
572 746 672 808 datum
695 745 724 807 in
747 745 892 825 pecunia,
921 742 976 808 sed
997 743 1170 824 requirebat
1195 741 1322 806 fructum

219 861 249 923 in
273 861 378 943 qratia.
423 861 584 923 Possumus
607 857 701 922 etsie
723 855 919 938 intellegere,
944 855 1014 936 quia
1035 855 1149 918 sciebat
1171 855 1322 918 abundare

219 973 270 1056 qui
293 979 410 1055 poterat
433 970 548 1034 dicere:
562 967 594 1054 ιἱ)
621 969 665 1032 Os
686 977 828 1033 nereum
846 977 936 1050 parer
955 969 998 1032 ed
1016 987 1090 1045 roe,
1116 966 1321 1045 cGnriatltii,

220 1105 276 1149 cer
297 1094 437 1149 noenum
458 1085 622 1148 dilatatum
645 1091 699 1146 est.

307 1193 358 1260 92.
404 1197 436 1259 ln
459 1197 605 1261 ¹amnibus
640 1202 703 1258 erat
736 1195 872 1276 inbutus,
907 1203 938 1260 et
970 1194 1096 1258 saturari
1131 1197 1162 1254 et
1192 1193 1321 1258 esruire.

218 1308 328 1372 Beatus
352 1308 402 1388 qui
424 1307 535 1370 sciebat
565 1307 692 1369 saturari
713 1306 745 1368 in
767 1306 893 1369 christo.
937 1305 1005 1368 Non
1031 1322 1107 1390 erge
1133 1305 1183 1369 illa
1205 1324 1321 1388 corpo·-

218 1420 308 1499 ralis,
341 1420 397 1482 sed
420 1419 557 1500 spIritalis
582 1426 628 1482 est
650 1420 789 1500 satietas,
824 1437 911 1500 quam
934 1425 1077 1500 operatur
1107 1420 1238 1484 scienda¹
1283 1419 1322 1482 Et

219 1535 326 1598 meritc
349 1535 473 1598 scientia
497 1553 573 1616 opus
598 1540 660 1614 est,
685 1535 753 1615 quia
775 1551 840 1597 nen
862 1534 897 1594 in
917 1551 1002 1612 pane
1025 1532 1095 1595 sele
1119 1533 1198 1596 eicit
1218 1533 1319 1610 teme,

218 1647 275 1710 red
296 1647 329 1709 in
353 1649 435 1710 omni
457 1648 552 1712 verbe
575 1649 634 1710 dei.
652 1644 686 1730 3)
728 1646 811 1730 Ergo
841 1647 891 1728 qui
919 1647 963 1709 sic
992 1644 1104 1709 sciebat
1130 1646 1257 1708 saturari
1290 1650 1320 1707 et

218 1763 263 1825 sic
282 1761 415 1840 esurire,
438 1762 567 1841 sclebas,
590 1768 622 1824 ut
638 1778 760 1843 semper
781 1777 860 1824 nova
883 1765 1059 1842 quaereret,
1082 1759 1200 1822 esurire
1222 1757 1320 1838 deum,

218 1873 302 1937 sitite
327 1874 423 1938 deum.
463 1874 582 1942 Sciebat
603 1875 720 1938 esurire
743 1875 794 1954 qui
816 1873 930 1936 sciebat
952 1872 1021 1954 qaia
1042 1871 1210 1935 esurientes
1232 1889 1320 1934 man-

219 1983 367 2049 ducebant
374 2007 384 2062 ;
401 1983 433 2069 ⁴)
463 1987 577 2053 sciebat
600 1991 629 2049 et
649 1993 767 2069 poterat
788 1984 940 2050 abundare
969 1985 1020 2066 qni
1050 1982 1121 2047 nitril
1141 1982 1268 2046 habebat
1290 1989 1320 2045 et

217 2069 390 2178 pessidebat
414 2099 520 2166 omnia.
539 2095 571 2180 ⁵)

602 2293 774 2360 CAPUT
808 2292 934 2360 XVIII.

219 2440 347 2504 Quantum
378 2440 456 2508 Iniqui
483 2438 619 2490 consiliarii
645 2438 729 2490 damni
757 2437 890 2504 adferant,
917 2435 1035 2505 exemplo
1063 2435 1153 2487 decern
1177 2433 1319 2488 triburtina

466 2541 528 2594 repe
546 2524 663 2581 lichnum
682 2525 877 2577 desciscentium
894 2532 934 2578 sat
952 2521 1075 2590 intellegi.

305 2654 355 2720 93.
399 2656 533 2739 Egregie
548 2657 648 2736 itaque
663 2657 747 2719 viros
763 2656 850 2718 alicui
866 2655 1071 2737 praesidentes
1092 2654 1213 2727 mmreri
1230 2671 1319 2717 ccm-

216 2769 336 2833 mendat
348 2770 466 2848 iustitia,
484 2777 587 2834 contra
598 2771 737 2852 iniquitas
751 2771 882 2834 destituit
892 2777 981 2852 atque
992 2773 1143 2852 inpugnat
1174 2767 1320 2850 Exempla

216 2881 303 2944 noble
323 2888 369 2943 est
392 2881 553 2962 scriptura,
579 2899 658 2961 quae
680 2880 767 2961 dreit,
790 2882 874 2963 quia,
898 2901 964 2944 cum
986 2881 1114 2963 populus
1137 2879 1229 2944 lsrael
1251 2887 1320 2962 post

216 3000 340 3055 mortem
364 2993 531 3059 SalomonIs
561 3002 702 3080 rogasset
724 2997 814 3060 lilium
838 2998 903 3060 eius
926 2997 1078 3076 Rolnam,
1109 3002 1141 3058 ut
1170 2995 1320 3058 relevaret

217 3106 352 3168 cervices
377 3125 481 3170 eorum
504 3129 520 3172 a
544 3111 689 3172 servitute
713 3111 786 3174 dura
810 3118 840 3173 et
862 3111 979 3191 paterni
1002 3109 1117 3190 imperii
1139 3111 1319 3189 temperaret

216 3219 438 3298 austeritatem,
470 3221 550 3284 illurn
574 3229 677 3303 spreto
699 3223 786 3285 senili
809 3221 934 3285 consilio
959 3221 997 3284 de
1019 3221 1217 3304 suggestione
1240 3218 1317 3281 adu-

181 3390 183 3396 .
214 3330 389 3394 lescentium
413 3349 590 3413 responsum
612 3332 731 3396 dedisse
753 3330 931 3411 huiusmodi,
955 3332 1024 3412 quia
1045 3339 1075 3394 et
1095 3349 1171 3395 enus
1187 3330 1319 3394 adleeret

90 3496 95 3504 ,
215 3461 308 3524 super
322 3445 448 3525 patrium
465 3446 566 3526 iugum
582 3449 612 3506 et
626 3444 741 3506 leviora
757 3443 947 3526 gravioribus
968 3443 1121 3524 suppliciis
1136 3447 1271 3504 mutaret.
1285 3438 1317 3525 6)

302 3551 352 3617 94.
398 3556 465 3628 Ouo
500 3571 648 3636 responso
684 3556 852 3636 exasperati
885 3554 1108 3636 responderunt
1141 3554 1260 3636 populi:
1287 3548 1317 3635 ⁷)

214 3665 286 3729 Non
308 3675 355 3728 est
376 3668 468 3730 nobis
494 3668 604 3749 portin
627 3687 695 3729 curu
716 3667 844 3744 Dauid,
877 3686 975 3748 neque
1005 3667 1164 3730 hereditas
1188 3669 1221 3728 in
1241 3667 1318 3747 filiis

213 3778 307 3842 Iesse.
342 3781 508 3842 Revertens
522 3783 737 3860 unusquisqne
749 3782 783 3842 in
795 3781 999 3845 tabernacula
1014 3790 1077 3857 tue,
1094 3780 1211 3856 lsrael,
1236 3799 1317 3861 quo-

288 4049 316 4114 1)
335 4049 396 4102 Luc.
412 4050 568 4122 18,11seq.
624 4054 654 4122 2)
674 4055 698 4106 2.
712 4051 768 4108 Cor.
784 4053 825 4121 16,
840 4053 880 4106 11.
933 4054 962 4121 3)
981 4053 1057 4108 Deut.
1070 4055 1096 4121 8,
1109 4055 1134 4107 3.
1187 4055 1216 4119 4)
1228 4053 1315 4107 Ilattlr.

215 4136 242 4204 5,
262 4135 286 4189 6.
359 4136 389 4204 5)
409 4137 432 4190 2.
453 4136 511 4191 Cor.
531 4140 557 4206 6,
577 4140 618 4191 10.
689 4141 719 4211 6)
739 4141 763 4194 3.
782 4141 847 4211 ling.
868 4141 909 4208 12,
929 4142 942 4192 1
963 4158 1035 4210 seqq.
1108 4141 1137 4208 7)
1155 4139 1220 4194 Ibid.
1233 4158 1258 4196 v.
1273 4139 1313 4192 16.
