2932 4700
218 283 260 350 5⁶
662 277 688 335 s.
707 277 862 334 nunaosn

217 461 330 528 genere
353 440 446 524 prima
470 440 623 523 disciplina
645 436 827 503 verecundia
850 445 896 503 est
903 461 913 517 3
943 439 1031 504 immo
1060 441 1148 506 etiam
1177 444 1207 507 in
1231 445 1311 510 omni

217 576 273 621 usu
306 554 465 638 loquendi,
499 561 531 616 ut
561 553 671 616 sensim
702 552 767 634 quis
798 558 847 614 aut
875 553 1004 635 psallere
1037 562 1087 619 aut
1119 574 1228 620 canere
1260 566 1311 622 aut

218 676 369 756 postremo
398 669 480 752 loqui
508 668 642 750 incipiat,
672 672 705 729 ut
734 665 904 730 verecunda
933 668 1075 751 principia
1104 671 1311 736 commendent

217 802 401 870 processum.

305 895 356 962 68.
395 895 547 964 Silentium
570 912 689 976 quoque
710 895 816 978 ipsum,
839 893 869 956 in
893 911 951 975 quo
975 899 1021 957 est
1043 894 1223 976 reliquarum
1243 897 1310 960 vir-

218 1021 311 1080 tutum
333 1012 434 1093 otium,
461 1012 605 1074 maximus
626 1017 709 1074 actus
733 1008 934 1073 verecundiae
957 1015 1010 1072 est.
1055 1009 1191 1090 Denique
1213 1011 1239 1073 si
1261 1017 1311 1074 aut

217 1127 357 1191 infantiae
379 1131 497 1208 putatur
519 1131 568 1189 aut
590 1124 764 1207 superbiae,
787 1125 899 1206 probro
923 1122 1009 1187 datur
1016 1145 1025 1200 ;
1053 1125 1079 1186 si
1100 1124 1311 1206 verecundiae,

216 1242 296 1306 laudi
319 1239 441 1303 ducitur.
481 1238 610 1303 lacebat
632 1238 662 1299 in
682 1236 822 1318 periculis
839 1232 1017 1320 Susanna1)
1034 1241 1063 1297 et
1079 1237 1200 1318 gravius
1217 1255 1312 1300 vere-

221 1352 356 1431 cundiae,
379 1368 466 1432 quam
489 1351 567 1412 vitae
591 1348 727 1411 damnum
742 1349 872 1430 putabat,
895 1366 952 1410 nec
967 1347 1161 1412 arbitrabatur
1176 1351 1312 1431 periculo

218 1466 342 1550 pudoris
368 1465 507 1529 tuendam
536 1462 667 1526 salutem.
712 1461 777 1524 Deo
807 1461 864 1525 soli
891 1461 1088 1543 loquebatur,
1118 1463 1166 1527 cui
1194 1471 1312 1545 poterat

220 1588 299 1645 casta
322 1577 502 1642 verecundia
526 1577 624 1657 eloqui
631 1596 641 1652 ;
673 1574 840 1659 refugiebat
870 1593 924 1639 ora
952 1576 1061 1639 intueri
1084 1575 1234 1655 virorum;
1267 1585 1313 1642 est

221 1695 298 1759 enim
321 1695 402 1758 etin
425 1692 517 1756 oculis
541 1690 730 1772 verecundia,
753 1696 785 1753 ut
805 1709 863 1754 neo
884 1689 988 1752 videre
1011 1690 1094 1754 viros
1113 1688 1232 1771 femina,
1254 1711 1313 1755 nec

220 1806 314 1871 videri
335 1805 414 1870 uelit.

310 1915 362 1984 69.
406 1918 511 2000 Neque
533 1935 607 1982 vero
629 1917 782 1999 quisquam
805 1915 897 1980 solius
923 1915 999 1980 bano
1027 1915 1145 1979 laudem
1172 1917 1312 1982 castitatis

220 2038 320 2116 putet;
353 2039 399 2096 est
423 2031 501 2095 enim
523 2029 703 2093 verecundia
724 2029 882 2112 pudicitiae
905 2046 1023 2108 comes,
1057 2030 1140 2094 ouius
1168 2031 1314 2095 societate

222 2147 338 2211 castitas
360 2147 425 2229 ipsa
448 2147 538 2209 tutior
562 2152 615 2209 est.
652 2146 753 2209 Bonus
777 2145 854 2208 enim
877 2144 1028 2230 regendae
1052 2146 1191 2209 castitatis
1215 2146 1312 2227 pudor

222 2269 267 2325 est
289 2279 399 2342 comes,
422 2262 481 2343 qui,
504 2262 530 2324 si
552 2259 725 2343 praetendat
747 2279 822 2341 quae
845 2261 937 2342 prima
959 2260 1091 2341 pericula
1114 2264 1191 2339 sunt,
1219 2259 1312 2342 pudi-

222 2376 317 2439 citiam
346 2379 484 2440 temerari
513 2395 575 2440 non
606 2377 689 2439 sinat.
742 2375 796 2438 Hic
826 2377 937 2458 primus
969 2376 1000 2438 in
1033 2376 1099 2457 ipso
1134 2375 1312 2458 cognitionis

222 2491 361 2574 ingressu
384 2489 494 2553 domini
515 2497 638 2552 matrem
661 2489 846 2553 commendat
867 2490 1035 2572 legentibus
1052 2486 1084 2573 ²)
1108 2494 1137 2552 et
1166 2495 1312 2570 tamquam

222 2605 306 2668 testis
327 2603 479 2684 locuples,
509 2602 645 2686 dignam,
675 2621 751 2684 quae
774 2602 810 2664 ad
833 2603 891 2666 tale
913 2622 1020 2668 munus
1044 2603 1231 2687 elegeretuu,
1255 2602 1312 2666 ad-

223 2717 322 2796 struit,
353 2715 433 2797 quod
455 2717 485 2778 in
508 2715 661 2795 cubiculo,
689 2715 769 2798 quod
792 2715 873 2795 sola,
897 2716 976 2797 quod
999 2717 1123 2781 salutata
1145 2718 1180 2781 ab
1204 2717 1312 2800 angelo

222 2836 309 2911 tacet,
332 2836 363 2892 et
384 2837 463 2893 mota
486 2835 532 2893 est
555 2830 585 2892 in
607 2830 726 2893 introitu
750 2829 823 2909 eius,
847 2830 927 2912 quod
950 2831 986 2894 ad
1008 2831 1101 2894 virilis
1124 2849 1217 2896 sexus
1238 2850 1312 2915 spe-

224 2944 298 3007 ciem
326 2945 515 3027 peregrinam
545 2945 678 3007 turbatur
705 2951 842 3025 aspectus
872 2945 1006 3028 virginis.
1051 2945 1150 3027 ltaque
1180 2947 1314 3028 promus

226 3062 306 3119 esset
334 3055 467 3138 humilis,
499 3075 573 3139 prae
605 3057 786 3121 verecundia
817 3063 915 3120 tamen
944 3077 1005 3121 non
1034 3060 1222 3140 resalutavit,
1258 3078 1314 3123 nec

225 3170 315 3235 ullum
336 3189 512 3255 responsum
534 3173 643 3252 retulit,
665 3173 722 3236 nisi
746 3173 795 3236 ubi
818 3171 855 3234 de
878 3173 1066 3254 suscipienda
1089 3172 1198 3236 domini
1213 3193 1314 3258 gene-

225 3285 340 3350 ratione
363 3287 522 3369 cognovit,
544 3291 576 3347 ut
599 3285 767 3366 qualitatem
789 3283 912 3348 ellectus
936 3285 1082 3366 disceret,
1108 3303 1169 3349 non
1190 3292 1222 3349 ut
1244 3304 1315 3350 ser-

226 3417 343 3465 monem
365 3397 501 3461 referret.

313 3511 362 3578 70.
406 3513 439 3575 ln
460 3514 524 3594 ipsa
555 3512 689 3574 oratione
718 3517 819 3575 nostra
848 3512 970 3575 multum
998 3513 1178 3578 verecundia
1207 3514 1314 3595 placet,

227 3628 347 3692 multum
379 3627 516 3690 conciliat
546 3626 659 3710 gratiae
688 3624 765 3707 apud
794 3625 881 3689 deum
909 3632 1051 3691 nostrum.
1104 3626 1211 3691 Nonne
1242 3628 1316 3691 baec

228 3742 364 3824 praetulit
386 3741 572 3825 publicanum
595 3747 624 3804 et
647 3740 861 3804 commendavit
883 3761 959 3823 eum,
982 3743 1033 3823 qui
1049 3759 1106 3805 nec
1122 3743 1226 3807 oculos
1242 3761 1314 3808 suos

231 3855 357 3917 audebat
378 3854 414 3917 ad
438 3855 551 3924 caelum
572 3852 700 3925 leuaret
716 3849 748 3944 ³)
791 3853 861 3917 ldeo
884 3855 1055 3919 iustilioatur
1080 3859 1175 3942 magis
1205 3857 1315 3922 domini

239 4005 440 4022 m

301 4095 329 4170 1)
347 4095 411 4150 Dan.
431 4041 473 4170 ιδ,
492 4099 533 4154 35.
603 4102 633 4176 2)
651 4101 709 4159 tue.
730 4103 754 4172 1,
772 4101 806 4160 29
824 4115 879 4188 seq.
950 4099 981 4183 3)
997 4097 1057 4166 lano.
1077 4099 1118 4182 18,
1138 4099 1171 4167 13Ι
1189 4115 1243 4184 seq.
