<?xml version="1.0" encoding="UTF-8"?>
<!DOCTYPE html PUBLIC "-//W3C//DTD XHTML 1.0 Transitional//EN"
    "http://www.w3.org/TR/xhtml1/DTD/xhtml1-transitional.dtd">
<html xmlns="http://www.w3.org/1999/xhtml" xml:lang="en" lang="en">
 <head>
  <title>
</title>
<meta http-equiv="Content-Type" content="text/html;charset=utf-8" />
  <meta name='ocr-system' content='tesseract 3.04.00' />
  <meta name='ocr-capabilities' content='ocr_page ocr_carea ocr_par ocr_line ocrx_word'/>
</head>
<body>
  <div class='ocr_page' id='page_1' title='image "./deofficiisminis01krabgoog_0147.png"; bbox 0 0 2976 4706; ppageno 0'>
   <div class='ocr_carea' id='block_1_1' title="bbox 236 349 875 418">
    <p class='ocr_par' dir='ltr' id='par_1_1' title="bbox 236 349 875 418">
     <span class='ocr_line' id='line_1_1' title="bbox 236 349 875 418; baseline 0.005 -13"><span class='ocrx_word' id='word_1_1' title='bbox 236 349 299 418; x_wconf 69' lang='lat'>138</span> <span class='ocrx_word' id='word_1_2' title='bbox 678 349 703 406; x_wconf 82' lang='lat' dir='ltr'>S.</span> <span class='ocrx_word' id='word_1_3' title='bbox 721 349 875 408; x_wconf 68' lang='lat' dir='ltr'>amosi</span> 
     </span>
    </p>
   </div>
   <div class='ocr_carea' id='block_1_2' title="bbox 228 509 1390 3900">
    <p class='ocr_par' dir='ltr' id='par_1_2' title="bbox 234 509 1321 709">
     <span class='ocr_line' id='line_1_2' title="bbox 235 509 1321 594; baseline -0.005 -21"><span class='ocrx_word' id='word_1_4' title='bbox 235 509 312 586; x_wconf 78' lang='lat' dir='ltr'>Quid</span> <span class='ocrx_word' id='word_1_5' title='bbox 345 512 422 574; x_wconf 90' lang='lat' dir='ltr'>enim</span> <span class='ocrx_word' id='word_1_6' title='bbox 455 511 594 576; x_wconf 90' lang='lat' dir='ltr'>consulas</span> <span class='ocrx_word' id='word_1_7' title='bbox 626 511 790 593; x_wconf 90' lang='lat' dir='ltr'>bominem,</span> <span class='ocrx_word' id='word_1_8' title='bbox 828 531 916 594; x_wconf 86' lang='lat' dir='ltr'>quem</span> <span class='ocrx_word' id='word_1_9' title='bbox 950 531 1009 578; x_wconf 90' lang='lat' dir='ltr'>uon</span> <span class='ocrx_word' id='word_1_10' title='bbox 1043 510 1195 576; x_wconf 77' lang='lat' dir='ltr'><strong>arbitreris</strong></span> <span class='ocrx_word' id='word_1_11' title='bbox 1229 522 1321 592; x_wconf 86' lang='lat' dir='ltr'>posse</span> 
     </span>
     <span class='ocr_line' id='line_1_3' title="bbox 234 621 1033 709; baseline 0.003 -23"><span class='ocrx_word' id='word_1_12' title='bbox 234 625 338 689; x_wconf 88' lang='lat' dir='ltr'>mellus</span> <span class='ocrx_word' id='word_1_13' title='bbox 360 621 469 706; x_wconf 81' lang='lat' dir='ltr'>aliquid</span> <span class='ocrx_word' id='word_1_14' title='bbox 491 625 640 706; x_wconf 86' lang='lat' dir='ltr'>reperire,</span> <span class='ocrx_word' id='word_1_15' title='bbox 665 643 751 704; x_wconf 86' lang='lat' dir='ltr'>quam</span> <span class='ocrx_word' id='word_1_16' title='bbox 773 627 838 708; x_wconf 89' lang='lat' dir='ltr'>ipsa</span> <span class='ocrx_word' id='word_1_17' title='bbox 860 625 1033 709; x_wconf 74' lang='lat' dir='ltr'>intellegis?</span> 
     </span>
    </p>

    <p class='ocr_par' dir='ltr' id='par_1_3' title="bbox 231 735 1319 1507">
     <span class='ocr_line' id='line_1_4' title="bbox 319 735 1319 825; baseline -0.004 -23"><span class='ocrx_word' id='word_1_18' title='bbox 319 735 370 802; x_wconf 80' lang='lat'>42.</span> <span class='ocrx_word' id='word_1_19' title='bbox 408 736 542 812; x_wconf 77' lang='lat' dir='ltr'>Quodsi</span> <span class='ocrx_word' id='word_1_20' title='bbox 565 755 631 800; x_wconf 86' lang='lat' dir='ltr'>eum</span> <span class='ocrx_word' id='word_1_21' title='bbox 650 738 811 817; x_wconf 86' lang='lat' dir='ltr'>inveneris,</span> <span class='ocrx_word' id='word_1_22' title='bbox 835 738 885 820; x_wconf 90' lang='lat' dir='ltr'>qui</span> <span class='ocrx_word' id='word_1_23' title='bbox 901 739 1055 806; x_wconf 73' lang='lat' dir='ltr'><strong>vivacitate</strong></span> <span class='ocrx_word' id='word_1_24' title='bbox 1071 741 1191 825; x_wconf 78' lang='lat' dir='ltr'>ingenii,</span> <span class='ocrx_word' id='word_1_25' title='bbox 1214 735 1319 800; x_wconf 90' lang='lat' dir='ltr'>mentis</span> 
     </span>
     <span class='ocr_line' id='line_1_5' title="bbox 232 831 1319 937; baseline 0.004 -23"><span class='ocrx_word' id='word_1_26' title='bbox 232 851 338 937; x_wconf 79' lang='lat' dir='ltr'>uigore</span> <span class='ocrx_word' id='word_1_27' title='bbox 368 831 457 933; x_wconf 86' lang='lat' dir='ltr'>atque</span> <span class='ocrx_word' id='word_1_28' title='bbox 485 852 656 916; x_wconf 88' lang='lat' dir='ltr'>auctoritate</span> <span class='ocrx_word' id='word_1_29' title='bbox 685 859 817 936; x_wconf 85' lang='lat' dir='ltr'>praestet</span> <span class='ocrx_word' id='word_1_30' title='bbox 839 860 869 916; x_wconf 91' lang='lat' dir='ltr'>et</span> <span class='ocrx_word' id='word_1_31' title='bbox 893 853 1015 916; x_wconf 76' lang='lat' dir='ltr'>accedat</span> <span class='ocrx_word' id='word_1_32' title='bbox 1036 873 1091 934; x_wconf 91' lang='lat' dir='ltr'>eo,</span> <span class='ocrx_word' id='word_1_33' title='bbox 1125 861 1158 918; x_wconf 87' lang='lat' dir='ltr'>ut</span> <span class='ocrx_word' id='word_1_34' title='bbox 1181 853 1319 936; x_wconf 84' lang='lat' dir='ltr'>exemplo</span> 
     </span>
     <span class='ocr_line' id='line_1_6' title="bbox 233 967 1318 1051; baseline 0.002 -23"><span class='ocrx_word' id='word_1_35' title='bbox 233 972 263 1028; x_wconf 88' lang='lat' dir='ltr'>et</span> <span class='ocrx_word' id='word_1_36' title='bbox 283 985 340 1030; x_wconf 94' lang='lat' dir='ltr'>usu</span> <span class='ocrx_word' id='word_1_37' title='bbox 361 968 491 1048; x_wconf 75' lang='lat' dir='ltr'><strong>paratior</strong></span> <span class='ocrx_word' id='word_1_38' title='bbox 509 969 556 1046; x_wconf 86' lang='lat' dir='ltr'>sit,</span> <span class='ocrx_word' id='word_1_39' title='bbox 578 967 745 1048; x_wconf 88' lang='lat' dir='ltr'>praesentia</span> <span class='ocrx_word' id='word_1_40' title='bbox 761 967 858 1030; x_wconf 87' lang='lat' dir='ltr'>solvat</span> <span class='ocrx_word' id='word_1_41' title='bbox 872 967 1012 1049; x_wconf 87' lang='lat' dir='ltr'>pericula,</span> <span class='ocrx_word' id='word_1_42' title='bbox 1035 969 1196 1051; x_wconf 89' lang='lat' dir='ltr'>prospiciat</span> <span class='ocrx_word' id='word_1_43' title='bbox 1210 967 1318 1048; x_wconf 86' lang='lat' dir='ltr'>futura,</span> 
     </span>
     <span class='ocr_line' id='line_1_7' title="bbox 233 1079 1319 1166; baseline 0.003 -23"><span class='ocrx_word' id='word_1_44' title='bbox 233 1079 384 1144; x_wconf 74' lang='lat' dir='ltr'>denuntiet</span> <span class='ocrx_word' id='word_1_45' title='bbox 405 1081 600 1160; x_wconf 89' lang='lat' dir='ltr'>imminentia,</span> <span class='ocrx_word' id='word_1_46' title='bbox 634 1088 837 1166; x_wconf 87' lang='lat' dir='ltr'>argumentum</span> <span class='ocrx_word' id='word_1_47' title='bbox 866 1082 1019 1164; x_wconf 85' lang='lat' dir='ltr'>expediat,</span> <span class='ocrx_word' id='word_1_48' title='bbox 1050 1083 1212 1146; x_wconf 88' lang='lat' dir='ltr'>remedium</span> <span class='ocrx_word' id='word_1_49' title='bbox 1242 1082 1319 1146; x_wconf 86' lang='lat' dir='ltr'>ferat</span> 
     </span>
     <span class='ocr_line' id='line_1_8' title="bbox 231 1194 1317 1277; baseline 0.002 -21"><span class='ocrx_word' id='word_1_50' title='bbox 231 1194 261 1256; x_wconf 93' lang='lat' dir='ltr'>in</span> <span class='ocrx_word' id='word_1_51' title='bbox 284 1201 426 1276; x_wconf 88' lang='lat' dir='ltr'>tempore,</span> <span class='ocrx_word' id='word_1_52' title='bbox 449 1201 567 1277; x_wconf 90' lang='lat' dir='ltr'>paratus</span> <span class='ocrx_word' id='word_1_53' title='bbox 591 1197 710 1260; x_wconf 89' lang='lat' dir='ltr'>sitnon</span> <span class='ocrx_word' id='word_1_54' title='bbox 733 1197 830 1260; x_wconf 90' lang='lat' dir='ltr'>solum</span> <span class='ocrx_word' id='word_1_55' title='bbox 852 1196 889 1260; x_wconf 93' lang='lat' dir='ltr'>ad</span> <span class='ocrx_word' id='word_1_56' title='bbox 912 1196 1137 1276; x_wconf 90' lang='lat' dir='ltr'>consulendum,</span> <span class='ocrx_word' id='word_1_57' title='bbox 1160 1195 1317 1259; x_wconf 88' lang='lat' dir='ltr'>sedetiam</span> 
     </span>
     <span class='ocr_line' id='line_1_9' title="bbox 231 1307 1318 1391; baseline 0.001 -20"><span class='ocrx_word' id='word_1_58' title='bbox 231 1307 269 1370; x_wconf 91' lang='lat' dir='ltr'>ad</span> <span class='ocrx_word' id='word_1_59' title='bbox 291 1309 540 1372; x_wconf 90' lang='lat' dir='ltr'>subveniendum:</span> <span class='ocrx_word' id='word_1_60' title='bbox 571 1311 639 1374; x_wconf 88' lang='lat' dir='ltr'>huic</span> <span class='ocrx_word' id='word_1_61' title='bbox 663 1312 700 1374; x_wconf 91' lang='lat' dir='ltr'>ita</span> <span class='ocrx_word' id='word_1_62' title='bbox 723 1311 797 1374; x_wconf 76' lang='lat' dir='ltr'>ludes</span> <span class='ocrx_word' id='word_1_63' title='bbox 819 1311 961 1389; x_wconf 88' lang='lat' dir='ltr'>babetur,</span> <span class='ocrx_word' id='word_1_64' title='bbox 991 1317 1024 1373; x_wconf 87' lang='lat' dir='ltr'>ut</span> <span class='ocrx_word' id='word_1_65' title='bbox 1046 1309 1138 1390; x_wconf 85' lang='lat' dir='ltr'>dicat,</span> <span class='ocrx_word' id='word_1_66' title='bbox 1168 1311 1218 1391; x_wconf 86' lang='lat' dir='ltr'>qui</span> <span class='ocrx_word' id='word_1_67' title='bbox 1241 1327 1318 1373; x_wconf 90' lang='lat' dir='ltr'>con-</span> 
     </span>
     <span class='ocr_line' id='line_1_10' title="bbox 231 1419 1317 1507; baseline -0.001 -21"><span class='ocrx_word' id='word_1_68' title='bbox 231 1421 327 1486; x_wconf 89' lang='lat' dir='ltr'>silium</span> <span class='ocrx_word' id='word_1_69' title='bbox 346 1419 478 1507; x_wconf 69' lang='lat' dir='ltr'>petitrs)</span> <span class='ocrx_word' id='word_1_70' title='bbox 501 1424 571 1487; x_wconf 79' lang='lat' dir='ltr'>Etsi</span> <span class='ocrx_word' id='word_1_71' title='bbox 593 1427 675 1488; x_wconf 86' lang='lat' dir='ltr'>mola</span> <span class='ocrx_word' id='word_1_72' title='bbox 697 1426 772 1487; x_wconf 80' lang='lat' dir='ltr'>naiba&#39;</span> <span class='ocrx_word' id='word_1_73' title='bbox 794 1426 952 1488; x_wconf 82' lang='lat' dir='ltr'>evenerint</span> <span class='ocrx_word' id='word_1_74' title='bbox 968 1444 1028 1506; x_wconf 86' lang='lat' dir='ltr'>per</span> <span class='ocrx_word' id='word_1_75' title='bbox 1049 1425 1146 1501; x_wconf 81' lang='lat' dir='ltr'>illum,</span> <span class='ocrx_word' id='word_1_76' title='bbox 1170 1425 1317 1490; x_wconf 82' lang='lat' dir='ltr'>sustineo.</span> 
     </span>
    </p>

    <p class='ocr_par' dir='ltr' id='par_1_4' title="bbox 228 1533 1319 2739">
     <span class='ocr_line' id='line_1_11' title="bbox 317 1533 1317 1622; baseline 0 -22"><span class='ocrx_word' id='word_1_77' title='bbox 317 1533 368 1600; x_wconf 83' lang='grc'>43.</span> <span class='ocrx_word' id='word_1_78' title='bbox 412 1537 584 1603; x_wconf 88' lang='lat' dir='ltr'>Huiusmodi</span> <span class='ocrx_word' id='word_1_79' title='bbox 607 1540 696 1622; x_wconf 78' lang='lat' dir='ltr'>igitur</span> <span class='ocrx_word' id='word_1_80' title='bbox 719 1540 785 1602; x_wconf 91' lang='lat' dir='ltr'>viro</span> <span class='ocrx_word' id='word_1_81' title='bbox 807 1540 931 1603; x_wconf 89' lang='lat' dir='ltr'>salutem</span> <span class='ocrx_word' id='word_1_82' title='bbox 953 1545 1084 1603; x_wconf 91' lang='lat' dir='ltr'>nostram</span> <span class='ocrx_word' id='word_1_83' title='bbox 1107 1545 1136 1602; x_wconf 90' lang='lat' dir='ltr'>et</span> <span class='ocrx_word' id='word_1_84' title='bbox 1155 1539 1317 1602; x_wconf 85' lang='lat' dir='ltr'>&#39;existima-</span> 
     </span>
     <span class='ocr_line' id='line_1_12' title="bbox 231 1648 1318 1734; baseline 0.006 -23"><span class='ocrx_word' id='word_1_85' title='bbox 231 1648 340 1712; x_wconf 88' lang='lat' dir='ltr'>tionem</span> <span class='ocrx_word' id='word_1_86' title='bbox 363 1651 576 1730; x_wconf 80' lang='lat' dir='ltr'>committimus,</span> <span class='ocrx_word' id='word_1_87' title='bbox 600 1654 649 1731; x_wconf 88' lang='lat' dir='ltr'>qui</span> <span class='ocrx_word' id='word_1_88' title='bbox 672 1653 720 1732; x_wconf 89' lang='lat' dir='ltr'>sit,</span> <span class='ocrx_word' id='word_1_89' title='bbox 743 1660 885 1734; x_wconf 90' lang='lat' dir='ltr'>utsupra</span> <span class='ocrx_word' id='word_1_90' title='bbox 909 1653 1052 1731; x_wconf 75' lang='lat' dir='ltr'>diximus,‘</span> <span class='ocrx_word' id='word_1_91' title='bbox 1072 1654 1167 1716; x_wconf 91' lang='lat' dir='ltr'>iustus</span> <span class='ocrx_word' id='word_1_92' title='bbox 1191 1659 1221 1716; x_wconf 88' lang='lat' dir='ltr'>et</span> <span class='ocrx_word' id='word_1_93' title='bbox 1241 1671 1318 1734; x_wconf 88' lang='lat' dir='ltr'>pru·</span> 
     </span>
     <span class='ocr_line' id='line_1_13' title="bbox 231 1761 1319 1844; baseline 0 -16"><span class='ocrx_word' id='word_1_94' title='bbox 231 1761 313 1828; x_wconf 86' lang='lat' dir='ltr'>dens.</span> <span class='ocrx_word' id='word_1_95' title='bbox 357 1763 439 1826; x_wconf 86' lang='lat' dir='ltr'>Facit</span> <span class='ocrx_word' id='word_1_96' title='bbox 460 1765 537 1827; x_wconf 89' lang='lat' dir='ltr'>enim</span> <span class='ocrx_word' id='word_1_97' title='bbox 560 1766 684 1844; x_wconf 89' lang='lat' dir='ltr'>iustitia,</span> <span class='ocrx_word' id='word_1_98' title='bbox 714 1773 747 1828; x_wconf 87' lang='lat' dir='ltr'>ut</span> <span class='ocrx_word' id='word_1_99' title='bbox 774 1767 872 1830; x_wconf 91' lang='lat' dir='ltr'>nullus</span> <span class='ocrx_word' id='word_1_100' title='bbox 902 1769 939 1830; x_wconf 89' lang='lat' dir='ltr'>sit</span> <span class='ocrx_word' id='word_1_101' title='bbox 967 1767 1079 1832; x_wconf 85' lang='lat' dir='ltr'>fraudis</span> <span class='ocrx_word' id='word_1_102' title='bbox 1107 1773 1218 1842; x_wconf 87' lang='lat' dir='ltr'>metus;</span> <span class='ocrx_word' id='word_1_103' title='bbox 1250 1766 1319 1835; x_wconf 82' lang='lat' dir='ltr'>tacit</span> 
     </span>
     <span class='ocr_line' id='line_1_14' title="bbox 231 1875 1317 1963; baseline 0.006 -25"><span class='ocrx_word' id='word_1_104' title='bbox 231 1875 317 1940; x_wconf 88' lang='lat' dir='ltr'>ctiam</span> <span class='ocrx_word' id='word_1_105' title='bbox 338 1875 503 1958; x_wconf 85' lang='lat' dir='ltr'>prudentia,</span> <span class='ocrx_word' id='word_1_106' title='bbox 526 1883 557 1939; x_wconf 89' lang='lat' dir='ltr'>nt</span> <span class='ocrx_word' id='word_1_107' title='bbox 580 1877 658 1940; x_wconf 94' lang='lat' dir='ltr'>nulla</span> <span class='ocrx_word' id='word_1_108' title='bbox 679 1878 717 1940; x_wconf 90' lang='lat' dir='ltr'>sit</span> <span class='ocrx_word' id='word_1_109' title='bbox 734 1879 844 1941; x_wconf 91' lang='lat' dir='ltr'>erroris</span> <span class='ocrx_word' id='word_1_110' title='bbox 861 1880 1001 1960; x_wconf 85' lang='lat' dir='ltr'>suspicio.</span> <span class='ocrx_word' id='word_1_111' title='bbox 1038 1881 1203 1963; x_wconf 89' lang='lat' dir='ltr'>Promptius</span> <span class='ocrx_word' id='word_1_112' title='bbox 1220 1885 1317 1944; x_wconf 73' lang='lat' dir='ltr'>murem</span> 
     </span>
     <span class='ocr_line' id='line_1_15' title="bbox 229 1991 1317 2074; baseline 0.005 -21"><span class='ocrx_word' id='word_1_113' title='bbox 229 2009 285 2054; x_wconf 92' lang='lat' dir='ltr'>nos</span> <span class='ocrx_word' id='word_1_114' title='bbox 308 1991 385 2054; x_wconf 89' lang='lat' dir='ltr'>iusto</span> <span class='ocrx_word' id='word_1_115' title='bbox 409 1991 485 2071; x_wconf 91' lang='lat' dir='ltr'>viro,</span> <span class='ocrx_word' id='word_1_116' title='bbox 508 2009 593 2071; x_wconf 90' lang='lat' dir='ltr'>quam</span> <span class='ocrx_word' id='word_1_117' title='bbox 617 1992 754 2073; x_wconf 83' lang='lat' dir='ltr'>prudenti</span> <span class='ocrx_word' id='word_1_118' title='bbox 772 1993 985 2074; x_wconf 85' lang='lat' dir='ltr'>committimus,</span> <span class='ocrx_word' id='word_1_119' title='bbox 1009 2001 1040 2058; x_wconf 90' lang='lat' dir='ltr'>ut</span> <span class='ocrx_word' id='word_1_120' title='bbox 1055 1997 1218 2060; x_wconf 88' lang='lat' dir='ltr'>secundum</span> <span class='ocrx_word' id='word_1_121' title='bbox 1233 2013 1317 2059; x_wconf 93' lang='lat' dir='ltr'>usum</span> 
     </span>
     <span class='ocr_line' id='line_1_16' title="bbox 230 2105 1317 2192; baseline 0.002 -22"><span class='ocrx_word' id='word_1_122' title='bbox 230 2107 312 2192; x_wconf 83' lang='lat' dir='ltr'>vulgi</span> <span class='ocrx_word' id='word_1_123' title='bbox 341 2107 456 2189; x_wconf 90' lang='lat' dir='ltr'>loquar.</span> <span class='ocrx_word' id='word_1_124' title='bbox 510 2105 647 2171; x_wconf 84' lang='lat' dir='ltr'>Ceterum</span> <span class='ocrx_word' id='word_1_125' title='bbox 682 2110 846 2192; x_wconf 89' lang='lat' dir='ltr'>sapientum</span> <span class='ocrx_word' id='word_1_126' title='bbox 878 2110 1066 2190; x_wconf 86' lang='lat' dir='ltr'>delinitione,</span> <span class='ocrx_word' id='word_1_127' title='bbox 1101 2112 1130 2174; x_wconf 92' lang='lat' dir='ltr'>io</span> <span class='ocrx_word' id='word_1_128' title='bbox 1164 2129 1224 2190; x_wconf 86' lang='lat' dir='ltr'>quo</span> <span class='ocrx_word' id='word_1_129' title='bbox 1257 2127 1317 2173; x_wconf 91' lang='lat' dir='ltr'>una</span> 
     </span>
     <span class='ocr_line' id='line_1_17' title="bbox 229 2222 1317 2306; baseline 0.001 -21"><span class='ocrx_word' id='word_1_130' title='bbox 229 2222 322 2285; x_wconf 86' lang='lat' dir='ltr'>virtus</span> <span class='ocrx_word' id='word_1_131' title='bbox 345 2229 409 2302; x_wconf 87' lang='lat' dir='ltr'>est,</span> <span class='ocrx_word' id='word_1_132' title='bbox 440 2228 620 2285; x_wconf 90' lang='lat' dir='ltr'>concurrunt</span> <span class='ocrx_word' id='word_1_133' title='bbox 644 2230 781 2303; x_wconf 87' lang='lat' dir='ltr'>ceterae,</span> <span class='ocrx_word' id='word_1_134' title='bbox 813 2243 869 2286; x_wconf 90' lang='lat' dir='ltr'>nec</span> <span class='ocrx_word' id='word_1_135' title='bbox 892 2232 991 2306; x_wconf 90' lang='lat' dir='ltr'>potest</span> <span class='ocrx_word' id='word_1_136' title='bbox 1018 2226 1083 2287; x_wconf 92' lang='lat' dir='ltr'>sine</span> <span class='ocrx_word' id='word_1_137' title='bbox 1110 2224 1218 2287; x_wconf 88' lang='lat' dir='ltr'>iustitia</span> <span class='ocrx_word' id='word_1_138' title='bbox 1247 2241 1317 2286; x_wconf 88' lang='lat' dir='ltr'>esse</span> 
     </span>
     <span class='ocr_line' id='line_1_18' title="bbox 228 2334 1316 2420; baseline 0.003 -22"><span class='ocrx_word' id='word_1_139' title='bbox 228 2336 393 2418; x_wconf 88' lang='lat' dir='ltr'>prudentia.</span> <span class='ocrx_word' id='word_1_140' title='bbox 425 2336 510 2411; x_wconf 84' lang='lat' dir='ltr'>Ouod</span> <span class='ocrx_word' id='word_1_141' title='bbox 527 2338 614 2400; x_wconf 88' lang='lat' dir='ltr'>eliam</span> <span class='ocrx_word' id='word_1_142' title='bbox 630 2338 658 2400; x_wconf 93' lang='lat' dir='ltr'>in</span> <span class='ocrx_word' id='word_1_143' title='bbox 674 2340 784 2402; x_wconf 88' lang='lat' dir='ltr'>nostris</span> <span class='ocrx_word' id='word_1_144' title='bbox 800 2340 965 2404; x_wconf 90' lang='lat' dir='ltr'>invenimus</span> <span class='ocrx_word' id='word_1_145' title='bbox 971 2359 980 2418; x_wconf 92' lang='lat'>;</span> <span class='ocrx_word' id='word_1_146' title='bbox 996 2339 1066 2402; x_wconf 90' lang='lat' dir='ltr'>dicit</span> <span class='ocrx_word' id='word_1_147' title='bbox 1079 2340 1156 2402; x_wconf 88' lang='lat' dir='ltr'>enim</span> <span class='ocrx_word' id='word_1_148' title='bbox 1166 2337 1273 2402; x_wconf 87' lang='lat' dir='ltr'>David:</span> <span class='ocrx_word' id='word_1_149' title='bbox 1284 2334 1316 2420; x_wconf 73' lang='lat'>²)</span> 
     </span>
     <span class='ocr_line' id='line_1_19' title="bbox 229 2447 1318 2534; baseline 0.002 -24"><span class='ocrx_word' id='word_1_150' title='bbox 229 2449 333 2512; x_wconf 79' lang='lat' dir='ltr'>laetas</span> <span class='ocrx_word' id='word_1_151' title='bbox 354 2451 515 2514; x_wconf 81' lang='lat' dir='ltr'>miseretur</span> <span class='ocrx_word' id='word_1_152' title='bbox 539 2460 568 2513; x_wconf 85' lang='lat' dir='ltr'>et</span> <span class='ocrx_word' id='word_1_153' title='bbox 584 2451 716 2531; x_wconf 75' lang='lat' dir='ltr'>feneret.</span> <span class='ocrx_word' id='word_1_154' title='bbox 754 2453 830 2527; x_wconf 84' lang='lat' dir='ltr'>Quid</span> <span class='ocrx_word' id='word_1_155' title='bbox 846 2452 963 2518; x_wconf 77' lang='lat' dir='ltr'>feneret</span> <span class='ocrx_word' id='word_1_156' title='bbox 977 2454 1080 2532; x_wconf 88' lang='lat' dir='ltr'>iustus,</span> <span class='ocrx_word' id='word_1_157' title='bbox 1102 2452 1171 2515; x_wconf 90' lang='lat' dir='ltr'>alibi</span> <span class='ocrx_word' id='word_1_158' title='bbox 1187 2451 1272 2514; x_wconf 88' lang='lat' dir='ltr'>dicit:</span> <span class='ocrx_word' id='word_1_159' title='bbox 1286 2447 1318 2534; x_wconf 81' lang='lat'>³)</span> 
     </span>
     <span class='ocr_line' id='line_1_20' title="bbox 229 2562 1319 2647; baseline 0.005 -24"><span class='ocrx_word' id='word_1_160' title='bbox 229 2562 386 2625; x_wconf 81' lang='lat' dir='ltr'>locandos</span> <span class='ocrx_word' id='word_1_161' title='bbox 414 2564 465 2624; x_wconf 87' lang='lat' dir='ltr'>cir</span> <span class='ocrx_word' id='word_1_162' title='bbox 493 2567 546 2645; x_wconf 82' lang='lat' dir='ltr'>pai</span> <span class='ocrx_word' id='word_1_163' title='bbox 574 2566 737 2628; x_wconf 83' lang='lat' dir='ltr'>miseretur</span> <span class='ocrx_word' id='word_1_164' title='bbox 766 2575 796 2626; x_wconf 87' lang='lat' dir='ltr'>et</span> <span class='ocrx_word' id='word_1_165' title='bbox 823 2566 963 2644; x_wconf 73' lang='lat' dir='ltr'>feneret,</span> <span class='ocrx_word' id='word_1_166' title='bbox 996 2567 1141 2647; x_wconf 83' lang='lat' dir='ltr'>disponet</span> <span class='ocrx_word' id='word_1_167' title='bbox 1162 2583 1319 2628; x_wconf 83' lang='lat' dir='ltr'>sermones</span> 
     </span>
     <span class='ocr_line' id='line_1_21' title="bbox 229 2677 510 2739; baseline 0.004 -1"><span class='ocrx_word' id='word_1_168' title='bbox 229 2695 304 2738; x_wconf 83' lang='lat' dir='ltr'>suos</span> <span class='ocrx_word' id='word_1_169' title='bbox 327 2677 361 2737; x_wconf 82' lang='lat' dir='ltr'>lo</span> <span class='ocrx_word' id='word_1_170' title='bbox 384 2677 510 2739; x_wconf 79' lang='lat' dir='ltr'>iudicio.</span> 
     </span>
    </p>

    <p class='ocr_par' dir='ltr' id='par_1_5' title="bbox 228 2788 1390 3900">
     <span class='ocr_line' id='line_1_22' title="bbox 315 2788 1390 2875; baseline -0.001 -20"><span class='ocrx_word' id='word_1_171' title='bbox 315 2788 367 2855; x_wconf 91' lang='grc'>44.</span> <span class='ocrx_word' id='word_1_172' title='bbox 403 2791 500 2874; x_wconf 91' lang='lat' dir='ltr'>Ipsum</span> <span class='ocrx_word' id='word_1_173' title='bbox 523 2792 594 2855; x_wconf 93' lang='lat' dir='ltr'>illud</span> <span class='ocrx_word' id='word_1_174' title='bbox 617 2793 716 2855; x_wconf 89' lang='lat' dir='ltr'>nobile</span> <span class='ocrx_word' id='word_1_175' title='bbox 732 2793 897 2858; x_wconf 88' lang='lat' dir='ltr'>Salomonis</span> <span class='ocrx_word' id='word_1_176' title='bbox 921 2794 1059 2857; x_wconf 90' lang='lat' dir='ltr'>iudicium</span> <span class='ocrx_word' id='word_1_177' title='bbox 1078 2811 1179 2858; x_wconf 87' lang='lat' dir='ltr'>nonne</span> <span class='ocrx_word' id='word_1_178' title='bbox 1194 2791 1317 2875; x_wconf 88' lang='lat' dir='ltr'>sapien·</span> <span class='ocrx_word' id='word_1_179' title='bbox 1389 2821 1390 2824; x_wconf 36' lang='lat'>¹</span> 
     </span>
     <span class='ocr_line' id='line_1_23' title="bbox 229 2905 1318 2988; baseline -0.001 -20"><span class='ocrx_word' id='word_1_180' title='bbox 229 2907 288 2969; x_wconf 90' lang='lat' dir='ltr'>tiae</span> <span class='ocrx_word' id='word_1_181' title='bbox 317 2907 436 2988; x_wconf 88' lang='lat' dir='ltr'>plenum</span> <span class='ocrx_word' id='word_1_182' title='bbox 463 2924 499 2968; x_wconf 91' lang='lat' dir='ltr'>ac</span> <span class='ocrx_word' id='word_1_183' title='bbox 527 2906 653 2969; x_wconf 89' lang='lat' dir='ltr'>iustitiae</span> <span class='ocrx_word' id='word_1_184' title='bbox 683 2906 754 2968; x_wconf 83' lang='lat' dir='ltr'>est‘l</span> <span class='ocrx_word' id='word_1_185' title='bbox 796 2905 898 2988; x_wconf 88' lang='lat' dir='ltr'>ltaque</span> <span class='ocrx_word' id='word_1_186' title='bbox 926 2913 1094 2988; x_wconf 87' lang='lat' dir='ltr'>spectemus</span> <span class='ocrx_word' id='word_1_187' title='bbox 1124 2905 1194 2968; x_wconf 92' lang='lat' dir='ltr'>illud</span> <span class='ocrx_word' id='word_1_188' title='bbox 1224 2905 1251 2968; x_wconf 93' lang='lat' dir='ltr'>si</span> <span class='ocrx_word' id='word_1_189' title='bbox 1279 2906 1318 2967; x_wconf 90' lang='lat' dir='ltr'>ite</span> 
     </span>
     <span class='ocr_line' id='line_1_24' title="bbox 230 3015 1318 3102; baseline -0.001 -20"><span class='ocrx_word' id='word_1_190' title='bbox 230 3026 284 3082; x_wconf 87' lang='lat' dir='ltr'>est.</span> <span class='ocrx_word' id='word_1_191' title='bbox 329 3019 429 3096; x_wconf 86' lang='lat' dir='ltr'>Duae,</span> <span class='ocrx_word' id='word_1_192' title='bbox 457 3017 567 3099; x_wconf 87' lang='lat' dir='ltr'>inquit,</span> <span class='ocrx_word' id='word_1_193' title='bbox 583 3015 615 3101; x_wconf 77' lang='lat'>⁴)</span> <span class='ocrx_word' id='word_1_194' title='bbox 645 3019 784 3082; x_wconf 90' lang='lat' dir='ltr'>mulieres</span> <span class='ocrx_word' id='word_1_195' title='bbox 807 3020 836 3080; x_wconf 88' lang='lat' dir='ltr'>in</span> <span class='ocrx_word' id='word_1_196' title='bbox 860 3025 1023 3100; x_wconf 88' lang='lat' dir='ltr'>conspectu</span> <span class='ocrx_word' id='word_1_197' title='bbox 1046 3020 1127 3102; x_wconf 82' lang='lat' dir='ltr'>regis</span> <span class='ocrx_word' id='word_1_198' title='bbox 1151 3019 1318 3084; x_wconf 90' lang='lat' dir='ltr'>Salomonis</span> 
     </span>
     <span class='ocr_line' id='line_1_25' title="bbox 229 3131 1319 3215; baseline -0.003 -18"><span class='ocrx_word' id='word_1_199' title='bbox 229 3137 390 3212; x_wconf 87' lang='lat' dir='ltr'>steterunt,</span> <span class='ocrx_word' id='word_1_200' title='bbox 422 3139 452 3194; x_wconf 88' lang='lat' dir='ltr'>et</span> <span class='ocrx_word' id='word_1_201' title='bbox 474 3131 547 3194; x_wconf 83' lang='lat' dir='ltr'>dixit</span> <span class='ocrx_word' id='word_1_202' title='bbox 569 3150 626 3193; x_wconf 87' lang='lat' dir='ltr'>una</span> <span class='ocrx_word' id='word_1_203' title='bbox 649 3131 687 3193; x_wconf 87' lang='lat' dir='ltr'>ad</span> <span class='ocrx_word' id='word_1_204' title='bbox 710 3150 793 3195; x_wconf 87' lang='lat' dir='ltr'>eum:</span> <span class='ocrx_word' id='word_1_205' title='bbox 824 3131 902 3195; x_wconf 88' lang='lat' dir='ltr'>Audi</span> <span class='ocrx_word' id='word_1_206' title='bbox 931 3151 994 3212; x_wconf 93' lang='lat' dir='ltr'>me,</span> <span class='ocrx_word' id='word_1_207' title='bbox 1027 3133 1154 3196; x_wconf 92' lang='lat' dir='ltr'>domine.</span> <span class='ocrx_word' id='word_1_208' title='bbox 1199 3131 1265 3215; x_wconf 78' lang='lat' dir='ltr'>Ego</span> <span class='ocrx_word' id='word_1_209' title='bbox 1289 3137 1319 3194; x_wconf 88' lang='lat' dir='ltr'>et</span> 
     </span>
     <span class='ocr_line' id='line_1_26' title="bbox 228 3243 1317 3324; baseline 0.001 -15"><span class='ocrx_word' id='word_1_210' title='bbox 228 3246 304 3309; x_wconf 88' lang='lat' dir='ltr'>baec</span> <span class='ocrx_word' id='word_1_211' title='bbox 334 3243 437 3308; x_wconf 90' lang='lat' dir='ltr'>mulier</span> <span class='ocrx_word' id='word_1_212' title='bbox 468 3245 497 3306; x_wconf 89' lang='lat' dir='ltr'>in</span> <span class='ocrx_word' id='word_1_213' title='bbox 526 3261 585 3306; x_wconf 89' lang='lat' dir='ltr'>uno</span> <span class='ocrx_word' id='word_1_214' title='bbox 618 3244 781 3307; x_wconf 88' lang='lat' dir='ltr'>habitantes</span> <span class='ocrx_word' id='word_1_215' title='bbox 812 3245 965 3324; x_wconf 90' lang='lat' dir='ltr'>cubiculo,</span> <span class='ocrx_word' id='word_1_216' title='bbox 997 3252 1066 3308; x_wconf 86' lang='lat' dir='ltr'>ante</span> <span class='ocrx_word' id='word_1_217' title='bbox 1094 3245 1171 3309; x_wconf 90' lang='lat' dir='ltr'>diem</span> <span class='ocrx_word' id='word_1_218' title='bbox 1201 3247 1317 3310; x_wconf 90' lang='lat' dir='ltr'>tertium</span> 
     </span>
     <span class='ocr_line' id='line_1_27' title="bbox 228 3357 1318 3444; baseline -0.002 -20"><span class='ocrx_word' id='word_1_219' title='bbox 228 3365 315 3444; x_wconf 89' lang='lat' dir='ltr'>partu</span> <span class='ocrx_word' id='word_1_220' title='bbox 337 3360 427 3439; x_wconf 86' lang='lat' dir='ltr'>edito,</span> <span class='ocrx_word' id='word_1_221' title='bbox 450 3357 586 3442; x_wconf 87' lang='lat' dir='ltr'>singulos</span> <span class='ocrx_word' id='word_1_222' title='bbox 609 3357 684 3420; x_wconf 88' lang='lat' dir='ltr'>lilios</span> <span class='ocrx_word' id='word_1_223' title='bbox 707 3357 902 3438; x_wconf 88' lang='lat' dir='ltr'>suscepimus,</span> <span class='ocrx_word' id='word_1_224' title='bbox 926 3365 956 3420; x_wconf 89' lang='lat' dir='ltr'>et</span> <span class='ocrx_word' id='word_1_225' title='bbox 979 3376 1095 3420; x_wconf 86' lang='lat' dir='ltr'>eramus</span> <span class='ocrx_word' id='word_1_226' title='bbox 1117 3377 1185 3438; x_wconf 88' lang='lat' dir='ltr'>una,</span> <span class='ocrx_word' id='word_1_227' title='bbox 1208 3359 1318 3423; x_wconf 86' lang='lat' dir='ltr'>arbiter</span> 
     </span>
     <span class='ocr_line' id='line_1_28' title="bbox 229 3472 1316 3555; baseline -0.004 -15"><span class='ocrx_word' id='word_1_228' title='bbox 229 3477 326 3541; x_wconf 89' lang='lat' dir='ltr'>nullus</span> <span class='ocrx_word' id='word_1_229' title='bbox 350 3475 445 3555; x_wconf 91' lang='lat' dir='ltr'>domi,</span> <span class='ocrx_word' id='word_1_230' title='bbox 474 3493 532 3538; x_wconf 87' lang='lat' dir='ltr'>nec</span> <span class='ocrx_word' id='word_1_231' title='bbox 561 3474 619 3537; x_wconf 93' lang='lat' dir='ltr'>ulla</span> <span class='ocrx_word' id='word_1_232' title='bbox 646 3473 702 3537; x_wconf 88' lang='lat' dir='ltr'>alia</span> <span class='ocrx_word' id='word_1_233' title='bbox 725 3474 878 3536; x_wconf 89' lang='lat' dir='ltr'>nobiscum</span> <span class='ocrx_word' id='word_1_234' title='bbox 902 3472 1026 3554; x_wconf 89' lang='lat' dir='ltr'>lemma,</span> <span class='ocrx_word' id='word_1_235' title='bbox 1057 3474 1114 3537; x_wconf 92' lang='lat' dir='ltr'>nisi</span> <span class='ocrx_word' id='word_1_236' title='bbox 1137 3491 1192 3537; x_wconf 91' lang='lat' dir='ltr'>nos</span> <span class='ocrx_word' id='word_1_237' title='bbox 1216 3473 1299 3536; x_wconf 92' lang='lat' dir='ltr'>solae</span> <span class='ocrx_word' id='word_1_238' title='bbox 1306 3494 1316 3552; x_wconf 84' lang='lat'>3</span> 
     </span>
     <span class='ocr_line' id='line_1_29' title="bbox 230 3587 1315 3671; baseline -0.004 -16"><span class='ocrx_word' id='word_1_239' title='bbox 230 3599 260 3656; x_wconf 84' lang='grc' dir='ltr'>ει</span> <span class='ocrx_word' id='word_1_240' title='bbox 281 3599 413 3655; x_wconf 91' lang='lat' dir='ltr'>mortuus</span> <span class='ocrx_word' id='word_1_241' title='bbox 434 3597 480 3652; x_wconf 90' lang='lat' dir='ltr'>est</span> <span class='ocrx_word' id='word_1_242' title='bbox 502 3590 577 3652; x_wconf 90' lang='lat' dir='ltr'>iilius</span> <span class='ocrx_word' id='word_1_243' title='bbox 600 3589 664 3652; x_wconf 89' lang='lat' dir='ltr'>eius</span> <span class='ocrx_word' id='word_1_244' title='bbox 687 3587 742 3651; x_wconf 90' lang='lat' dir='ltr'>bac</span> <span class='ocrx_word' id='word_1_245' title='bbox 761 3593 858 3668; x_wconf 88' lang='lat' dir='ltr'>nocte,</span> <span class='ocrx_word' id='word_1_246' title='bbox 882 3594 913 3652; x_wconf 91' lang='lat' dir='ltr'>ut</span> <span class='ocrx_word' id='word_1_247' title='bbox 928 3589 1106 3654; x_wconf 90' lang='lat' dir='ltr'>obdormivit</span> <span class='ocrx_word' id='word_1_248' title='bbox 1120 3607 1211 3671; x_wconf 90' lang='lat' dir='ltr'>super</span> <span class='ocrx_word' id='word_1_249' title='bbox 1231 3607 1315 3652; x_wconf 91' lang='lat' dir='ltr'>eum:</span> 
     </span>
     <span class='ocr_line' id='line_1_30' title="bbox 229 3702 1315 3786; baseline -0.003 -16"><span class='ocrx_word' id='word_1_250' title='bbox 229 3713 260 3770; x_wconf 92' lang='lat' dir='ltr'>et</span> <span class='ocrx_word' id='word_1_251' title='bbox 281 3707 411 3770; x_wconf 88' lang='lat' dir='ltr'>surrexit</span> <span class='ocrx_word' id='word_1_252' title='bbox 433 3705 529 3769; x_wconf 90' lang='lat' dir='ltr'>media</span> <span class='ocrx_word' id='word_1_253' title='bbox 551 3712 639 3769; x_wconf 90' lang='lat' dir='ltr'>nocte</span> <span class='ocrx_word' id='word_1_254' title='bbox 673 3711 703 3767; x_wconf 86' lang='lat' dir='ltr'>et</span> <span class='ocrx_word' id='word_1_255' title='bbox 731 3705 845 3786; x_wconf 89' lang='lat' dir='ltr'>accepit</span> <span class='ocrx_word' id='word_1_256' title='bbox 866 3704 957 3767; x_wconf 89' lang='lat' dir='ltr'>filium</span> <span class='ocrx_word' id='word_1_257' title='bbox 979 3723 1075 3768; x_wconf 87' lang='lat' dir='ltr'>meum</span> <span class='ocrx_word' id='word_1_258' title='bbox 1098 3702 1136 3767; x_wconf 91' lang='lat' dir='ltr'>de</span> <span class='ocrx_word' id='word_1_259' title='bbox 1159 3704 1225 3768; x_wconf 92' lang='lat' dir='ltr'>sinu</span> <span class='ocrx_word' id='word_1_260' title='bbox 1247 3720 1315 3767; x_wconf 90' lang='lat' dir='ltr'>meo</span> 
     </span>
     <span class='ocr_line' id='line_1_31' title="bbox 230 3818 1316 3900; baseline -0.005 -14"><span class='ocrx_word' id='word_1_261' title='bbox 230 3827 260 3886; x_wconf 90' lang='grc' dir='ltr'>ει</span> <span class='ocrx_word' id='word_1_262' title='bbox 281 3819 437 3885; x_wconf 88' lang='lat' dir='ltr'>collocavit</span> <span class='ocrx_word' id='word_1_263' title='bbox 459 3837 526 3882; x_wconf 88' lang='lat' dir='ltr'>eum</span> <span class='ocrx_word' id='word_1_264' title='bbox 548 3820 578 3882; x_wconf 90' lang='lat' dir='ltr'>in</span> <span class='ocrx_word' id='word_1_265' title='bbox 600 3819 667 3882; x_wconf 92' lang='lat' dir='ltr'>sinu</span> <span class='ocrx_word' id='word_1_266' title='bbox 688 3835 754 3898; x_wconf 92' lang='lat' dir='ltr'>suo,</span> <span class='ocrx_word' id='word_1_267' title='bbox 780 3825 809 3882; x_wconf 87' lang='lat' dir='ltr'>et</span> <span class='ocrx_word' id='word_1_268' title='bbox 831 3819 920 3882; x_wconf 91' lang='lat' dir='ltr'>tilium</span> <span class='ocrx_word' id='word_1_269' title='bbox 942 3837 1027 3883; x_wconf 90' lang='lat' dir='ltr'>suum</span> <span class='ocrx_word' id='word_1_270' title='bbox 1048 3827 1194 3884; x_wconf 90' lang='lat' dir='ltr'>mortuum</span> <span class='ocrx_word' id='word_1_271' title='bbox 1216 3818 1316 3900; x_wconf 88' lang='lat' dir='ltr'>posuit</span> 
     </span>
    </p>
   </div>
   <div class='ocr_carea' id='block_1_3' title="bbox 146 4085 1312 4245">
    <p class='ocr_par' dir='ltr' id='par_1_6' title="bbox 146 4085 1312 4245">
     <span class='ocr_line' id='line_1_32' title="bbox 146 4085 1312 4156; baseline -0.005 -12"><span class='ocrx_word' id='word_1_272' title='bbox 146 4141 148 4144; x_wconf 85' lang='grc'>,</span> <span class='ocrx_word' id='word_1_273' title='bbox 302 4088 328 4154; x_wconf 87' lang='lat'>1)</span> <span class='ocrx_word' id='word_1_274' title='bbox 347 4088 425 4141; x_wconf 74' lang='lat' dir='ltr'>stae.</span> <span class='ocrx_word' id='word_1_275' title='bbox 443 4089 486 4156; x_wconf 84' lang='lat'>22,</span> <span class='ocrx_word' id='word_1_276' title='bbox 505 4087 545 4140; x_wconf 80' lang='lat' dir='ltr'>er.</span> <span class='ocrx_word' id='word_1_277' title='bbox 590 4089 618 4155; x_wconf 76' lang='grc' dir='ltr'>ι)</span> <span class='ocrx_word' id='word_1_278' title='bbox 637 4089 727 4143; x_wconf 76' lang='lat' dir='ltr'>esaim.</span> <span class='ocrx_word' id='word_1_279' title='bbox 746 4088 789 4155; x_wconf 84' lang='lat' dir='ltr'>aa,</span> <span class='ocrx_word' id='word_1_280' title='bbox 807 4088 849 4142; x_wconf 86' lang='lat'>21.</span> <span class='ocrx_word' id='word_1_281' title='bbox 892 4087 920 4151; x_wconf 84' lang='lat' dir='ltr'>e)</span> <span class='ocrx_word' id='word_1_282' title='bbox 938 4085 999 4139; x_wconf 78' lang='lat' dir='ltr'>osu.</span> <span class='ocrx_word' id='word_1_283' title='bbox 1020 4085 1079 4153; x_wconf 85' lang='lat'>111,</span> <span class='ocrx_word' id='word_1_284' title='bbox 1098 4085 1122 4138; x_wconf 88' lang='lat'>5.</span> <span class='ocrx_word' id='word_1_285' title='bbox 1164 4086 1193 4151; x_wconf 78' lang='lat' dir='ltr'>a)</span> <span class='ocrx_word' id='word_1_286' title='bbox 1212 4085 1312 4156; x_wconf 56' lang='lat' dir='ltr'>anea</span> 
     </span>
     <span class='ocr_line' id='line_1_33' title="bbox 231 4173 799 4245; baseline 0 -1"><span class='ocrx_word' id='word_1_287' title='bbox 231 4175 257 4244; x_wconf 67' lang='grc' dir='ltr'>ε,</span> <span class='ocrx_word' id='word_1_288' title='bbox 275 4174 309 4225; x_wconf 78' lang='lat'>1⁶</span> <span class='ocrx_word' id='word_1_289' title='bbox 326 4191 396 4245; x_wconf 74' lang='lat' dir='ltr'>aaa</span> <span class='ocrx_word' id='word_1_290' title='bbox 798 4173 799 4178; x_wconf 62' lang='lat'>‘</span> 
     </span>
    </p>
   </div>
   <div class='ocr_carea' id='block_1_4' title="bbox 0 0 1492 4706">
    <p class='ocr_par' dir='ltr' id='par_1_7' title="bbox 0 0 1492 4706">
     <span class='ocr_line' id='line_1_34' title="bbox 0 0 1492 4706; baseline 0 1"><span class='ocrx_word' id='word_1_291' title='bbox 0 0 1492 4706; x_wconf 95' lang='lat' dir='ltr'> </span> 
     </span>
    </p>
   </div>
  </div>
 </body>
</html>
