2976 4706
249 339 311 406 100
691 335 716 390 s.
736 335 891 392 nsanosn

248 498 474 582 oportunitatem
496 498 620 581 reginae
642 504 745 583 stupro
767 498 895 580 potitus,
918 515 1023 562 necem
1044 501 1111 584 regi
1134 499 1230 564 intulit
1253 507 1340 564 cete·-

246 614 348 694 risqoe
370 613 570 694 interemptis,
600 631 677 694 quos
701 613 854 677 necandos
876 618 1051 695 putaverat,
1082 631 1121 677 ne
1144 614 1200 678 sibi
1222 615 1341 697 inpedi-

246 732 346 789 mento
371 725 487 805 iurent,
509 725 623 808 Lydiae
644 743 772 810 regnum
794 726 918 808 adeptus
942 734 997 791 est

333 835 383 903 31.
429 839 490 918 Da,
513 840 624 920 inquit,
647 839 726 901 hunc
749 839 866 902 anulum
890 840 1032 923 sapienti,
1056 845 1088 904 ut
1107 841 1254 904 beneflcio
1277 841 1341 904 eius

241 953 342 1034 ‘possit
372 952 481 1031 latere,
511 969 577 1014 cnm
608 949 774 1033 deliquerit.
817 951 885 1014 Non
909 953 1004 1016 minos
1027 951 1123 1036 fugiet
1153 961 1342 1035 peccatorum

246 1067 431 1150 contagium,
463 1083 548 1148 qnam
571 1066 678 1129 sinon
701 1065 797 1146 possit
818 1065 930 1142 latere3
964 1083 1023 1128 nun
1047 1067 1124 1128 enim
1150 1066 1263 1129 latebra
1287 1084 1340 1130 sa·

245 1180 338 1263 pienti
361 1197 431 1261 spes
453 1177 639 1260 inpunitatis,
668 1177 721 1241 sed
745 1178 914 1242 innocentia
938 1183 991 1240 est
1036 1178 1173 1260 lienique
1202 1179 1342 1244 tecnon

246 1297 328 1360 iusto
361 1303 407 1358 est
432 1296 555 1376 positu,
586 1295 644 1356 sed
676 1294 810 1369 iniusto,
839 1289 868 1377 ¹)
902 1292 969 1374 quia
1000 1293 1094 1356 iustus
1124 1292 1224 1376 legem
1254 1290 1343 1355 habet

248 1411 353 1474 mentis
384 1426 456 1471 suae
479 1416 508 1471 et
530 1407 685 1491 aequitatis
708 1426 743 1470 ao
765 1408 895 1470 iustitiae
923 1424 998 1470 suae
1029 1424 1180 1487 normam,
1211 1405 1342 1489 ideoque

246 1542 306 1587 non
329 1530 446 1586 terrore
468 1540 585 1605 poenae
608 1527 769 1586 revocatur
791 1539 809 1585 a
831 1521 936 1604 culpa,
964 1519 1018 1584 sed
1040 1519 1205 1585 honestetis
1226 1520 1341 1604 regula.

333 1633 384 1700 32.
428 1635 509 1719 Ergo
529 1641 561 1696 ut
581 1633 617 1696 ud
640 1634 825 1715 propositum
847 1632 1021 1710 redeamus,
1044 1650 1106 1698 non
1127 1631 1263 1696 fabulosa
1286 1649 1341 1714 pro

245 1750 344 1829 veris,
367 1746 422 1811 sed
442 1765 514 1810 vera
534 1763 589 1828 pro
612 1743 757 1810 fabulosis
776 1746 911 1827 exemplu
934 1746 1132 1828 proteramus.
1170 1746 1248 1821 Quid
1264 1746 1342 1809 enim

245 1863 316 1925 milri
339 1879 413 1944 opus
437 1867 484 1925 est
505 1861 621 1944 lingere
643 1860 752 1924 hiatum
776 1866 893 1941 terrae,
924 1879 1034 1944 equum
1056 1878 1180 1925 aeneum
1203 1861 1342 1925 annulum-

249 1993 308 2057 que
330 1993 453 2038 aureum
476 1974 506 2037 in
530 1973 623 2058 digito
647 1970 779 2036 defuncti
800 1979 966 2056 repertum,
994 1975 1077 2038 cuius
1101 1974 1181 2038 anuli
1202 1982 1281 2038 tenta
1303 1977 1343 2039 sit

245 2091 313 2170 vis,
348 2095 380 2152 ut
401 2107 457 2172 pro
481 2088 602 2151 arbitrio
625 2104 681 2151 suo
718 2087 769 2168 qui
792 2105 860 2150 eum
883 2088 923 2152 sit
944 2087 1063 2152 indotos
1098 2089 1216 2154 anulum
1246 2088 1341 2171 adpa-

245 2210 324 2284 rect,
347 2223 413 2267 eum
436 2203 519 2279 vetit;
555 2219 621 2265 cum
645 2209 743 2265 autern
767 2201 858 2282 nolit,
888 2202 1064 2282 conspectui
1086 2219 1121 2266 se
1143 2204 1343 2285 praesentium

245 2319 415 2396 subtrahat,
447 2324 480 2381 ut
502 2332 647 2399 praesens
669 2333 731 2381 non
760 2316 856 2398 possit
885 2315 1005 2382 viderit
1049 2315 1164 2398 Nempe
1187 2333 1226 2380 eo
1248 2317 1343 2380 tendit

246 2430 343 2511 mtud,
374 2437 471 2494 unum
500 2431 638 2511 sepiens,
668 2431 755 2493 etiarn
778 2431 804 2492 si
827 2431 884 2494 isto
906 2436 1005 2494 utatur
1027 2430 1134 2510 anulo,
1165 2447 1224 2512 quo
1247 2431 1344 2512 possit

246 2545 366 2626 proprie
388 2545 499 2626 flagitia
522 2547 621 2608 celare
645 2552 674 2608 et
695 2555 821 2628 regnum
851 2544 993 2626 adsequi,
1027 2547 1139 2611 nolitne
1161 2563 1289 2629 peccare
1312 2552 1344 2609 et
1469 2547 1470 2592 i

246 2658 369 2740 gravius
389 2654 475 2719 ducat
492 2659 617 2720 sceleris
637 2659 806 2740 contagium
829 2675 991 2739 poenarum
1015 2657 1186 2740 doloribus,
1208 2678 1247 2723 an
1266 2677 1341 2725 vero

246 2788 301 2854 spe
323 2770 493 2852 inpunitatis
510 2774 615 2862 utatur
628 2767 664 2832 ad
686 2770 916 2852 perpetrandum
933 2771 1056 2834 scelus?
1102 2772 1189 2853 Quid,
1211 2774 1341 2854 inquam,

246 2885 315 2947 mihi
349 2901 423 2966 opus
447 2891 493 2947 est
514 2884 655 2967 figmento
683 2882 778 2964 anuli,
812 2902 878 2947 cum
909 2886 1020 2966 possim
1051 2884 1163 2950 docere
1190 2906 1229 2950 ex
1250 2887 1341 2952 rebus

246 3000 356 3081 gestis,
380 2996 460 3079 quod
483 2999 529 3060 vir
550 2999 689 3080 sapiens,
722 3016 789 3062 cum
810 2998 868 3062 sibi
889 2999 919 3062 in
941 3007 1066 3081 peccalo
1089 3018 1150 3076 non
1172 3002 1268 3067 solum
1290 3002 1341 3064 la·

247 3110 376 3192 tendum,
399 3112 562 3175 sedetiam
584 3113 768 3196 regnandum
790 3113 915 3195 videret,
937 3114 963 3177 si
982 3121 1136 3195 peccatum
1159 3116 1340 3194 admitteret;

246 3232 349 3290 contra
369 3235 466 3292 autem
485 3229 648 3309 periculum
665 3229 767 3294 salutis
787 3237 935 3310 cerneret,
960 3233 986 3294 si
1002 3230 1165 3294 declinaret
1179 3229 1339 3315 degitium3

246 3339 373 3424 elegerit
404 3347 501 3404 temen
530 3343 624 3426 magis
655 3343 820 3424 periculum
851 3344 971 3423 salutis,
1003 3351 1036 3407 ut
1064 3353 1186 3408 vacaret
1215 3347 1340 3432 flagitio,

246 3473 334 3536 quem
355 3454 513 3538 flagitium,
537 3475 596 3538 quo
619 3457 676 3519 sibi
697 3475 823 3539 regnum
845 3459 991 3540 pareret?

334 3566 385 3632 33.
430 3570 565 3652 Denique
587 3570 684 3635 David
700 3568 732 3656 ²)
764 3591 829 3637 cum
860 3573 980 3656 lugeret
1002 3593 1018 3640 u
1041 3574 1117 3638 facie
1146 3577 1229 3661 regis
1261 3574 1340 3656 Saul,

246 3682 326 3766 qnod
350 3701 417 3746 eum
438 3702 495 3748 rex
516 3703 582 3748 cum
612 3687 706 3753 tribus
735 3687 850 3750 milibus
880 3689 1012 3754 virorum
1044 3690 1206 3755 electorum
1228 3689 1266 3752 ud
1287 3690 1339 3753 in-

246 3796 399 3860 ferendam
430 3815 534 3860 necem
566 3801 596 3867 in
627 3800 747 3864 deserto
766 3785 957 3883 quaereret,
990 3804 1146 3888 ingressus
1180 3805 1211 3867 in
1241 3810 1339 3870 castra

245 3912 348 3994 regis,
372 3929 438 3974 cum
461 3911 655 3978 dormientem
678 3915 868 3997 offendisset,
891 3935 951 3982 nun
974 3918 1071 3983 solum
1093 3920 1159 4002 ipse
1180 3937 1241 3984 non
1264 3937 1338 4002 per-

316 4155 344 4221 1)
364 4155 387 4209 1.
407 4155 467 4211 Tim.
486 4157 512 4224 l,
531 4157 556 4212 o.
626 4157 655 4225 2)
677 4158 701 4211 1.
719 4157 784 4228 lieg.
803 4158 848 4226 26,
868 4159 886 4214 2
903 4174 975 4230 seqq.
