<?xml version="1.0" encoding="UTF-8"?>
<!DOCTYPE html PUBLIC "-//W3C//DTD XHTML 1.0 Transitional//EN"
    "http://www.w3.org/TR/xhtml1/DTD/xhtml1-transitional.dtd">
<html xmlns="http://www.w3.org/1999/xhtml" xml:lang="en" lang="en">
 <head>
  <title>
</title>
<meta http-equiv="Content-Type" content="text/html;charset=utf-8" />
  <meta name='ocr-system' content='tesseract 3.04.00' />
  <meta name='ocr-capabilities' content='ocr_page ocr_carea ocr_par ocr_line ocrx_word'/>
</head>
<body>
  <div class='ocr_page' id='page_1' title='image "./deofficiisminis01krabgoog_0039.png"; bbox 0 0 2932 4700; ppageno 0'>
   <div class='ocr_carea' id='block_1_1' title="bbox 236 326 822 396">
    <p class='ocr_par' dir='ltr' id='par_1_1' title="bbox 236 326 822 396">
     <span class='ocr_line' id='line_1_1' title="bbox 236 326 822 396; baseline -0.002 -11"><span class='ocrx_word' id='word_1_1' title='bbox 236 327 279 396; x_wconf 70' lang='lat'><strong>26</strong></span> <span class='ocrx_word' id='word_1_2' title='bbox 745 326 822 384; x_wconf 74' lang='lat' dir='ltr'><strong>VITA</strong></span> 
     </span>
    </p>
   </div>
   <div class='ocr_carea' id='block_1_2' title="bbox 169 490 1326 4226">
    <p class='ocr_par' dir='ltr' id='par_1_2' title="bbox 231 490 1326 1833">
     <span class='ocr_line' id='line_1_2' title="bbox 235 490 1326 576; baseline -0.004 -18"><span class='ocrx_word' id='word_1_3' title='bbox 235 495 282 558; x_wconf 91' lang='lat' dir='ltr'><strong>vir</strong></span> <span class='ocrx_word' id='word_1_4' title='bbox 303 497 421 558; x_wconf 89' lang='lat' dir='ltr'><strong>sanctus</strong></span> <span class='ocrx_word' id='word_1_5' title='bbox 439 493 586 556; x_wconf 78' lang='lat' dir='ltr'><strong>zenobius</strong></span> <span class='ocrx_word' id='word_1_6' title='bbox 610 490 770 574; x_wconf 91' lang='lat' dir='ltr'><strong>episcopus</strong></span> <span class='ocrx_word' id='word_1_7' title='bbox 793 497 847 573; x_wconf 88' lang='lat' dir='ltr'><strong>est,</strong></span> <span class='ocrx_word' id='word_1_8' title='bbox 871 491 940 574; x_wconf 91' lang='lat' dir='ltr'><strong>quia</strong></span> <span class='ocrx_word' id='word_1_9' title='bbox 962 493 1138 576; x_wconf 78' lang='lat' dir='ltr'><strong>promiserat</strong></span> <span class='ocrx_word' id='word_1_10' title='bbox 1159 492 1326 576; x_wconf 85' lang='lat' dir='ltr'><strong>petentibus</strong></span> 
     </span>
     <span class='ocr_line' id='line_1_3' title="bbox 234 603 1326 689; baseline -0.003 -19"><span class='ocrx_word' id='word_1_11' title='bbox 234 607 292 671; x_wconf 92' lang='lat' dir='ltr'><strong>illis</strong></span> <span class='ocrx_word' id='word_1_12' title='bbox 314 607 382 670; x_wconf 90' lang='lat' dir='ltr'><strong>illos</strong></span> <span class='ocrx_word' id='word_1_13' title='bbox 405 607 524 689; x_wconf 90' lang='lat' dir='ltr'><strong>saepius</strong></span> <span class='ocrx_word' id='word_1_14' title='bbox 547 607 747 686; x_wconf 89' lang='lat' dir='ltr'><strong>visitaturum,</strong></span> <span class='ocrx_word' id='word_1_15' title='bbox 779 605 952 688; x_wconf 88' lang='lat' dir='ltr'><strong>frequenter</strong></span> <span class='ocrx_word' id='word_1_16' title='bbox 974 605 1010 669; x_wconf 91' lang='lat' dir='ltr'><strong>ad</strong></span> <span class='ocrx_word' id='word_1_17' title='bbox 1033 606 1143 685; x_wconf 88' lang='lat' dir='ltr'><strong>altare,</strong></span> <span class='ocrx_word' id='word_1_18' title='bbox 1177 603 1257 686; x_wconf 95' lang='lat' dir='ltr'><strong>quod</strong></span> <span class='ocrx_word' id='word_1_19' title='bbox 1280 610 1326 668; x_wconf 91' lang='lat' dir='ltr'><strong>est</strong></span> 
     </span>
     <span class='ocr_line' id='line_1_4' title="bbox 234 719 1325 801; baseline -0.003 -17"><span class='ocrx_word' id='word_1_20' title='bbox 234 722 264 784; x_wconf 91' lang='lat' dir='ltr'><strong>in</strong></span> <span class='ocrx_word' id='word_1_21' title='bbox 286 719 405 784; x_wconf 89' lang='lat' dir='ltr'><strong>basilica</strong></span> <span class='ocrx_word' id='word_1_22' title='bbox 428 720 642 800; x_wconf 86' lang='lat' dir='ltr'><strong>Ambrosiana,</strong></span> <span class='ocrx_word' id='word_1_23' title='bbox 674 739 750 800; x_wconf 88' lang='lat' dir='ltr'><strong>quae</strong></span> <span class='ocrx_word' id='word_1_24' title='bbox 780 720 888 784; x_wconf 87' lang='lat' dir='ltr'>ibidem</span> <span class='ocrx_word' id='word_1_25' title='bbox 917 721 954 783; x_wconf 93' lang='lat' dir='ltr'><strong>ab</strong></span> <span class='ocrx_word' id='word_1_26' title='bbox 984 721 1051 801; x_wconf 90' lang='lat' dir='ltr'><strong>ipso</strong></span> <span class='ocrx_word' id='word_1_27' title='bbox 1083 721 1241 784; x_wconf 87' lang='lat' dir='ltr'><strong>constituta</strong></span> <span class='ocrx_word' id='word_1_28' title='bbox 1271 726 1325 799; x_wconf 83' lang='lat' dir='ltr'><strong>eat,</strong></span> 
     </span>
     <span class='ocr_line' id='line_1_5' title="bbox 234 832 1325 928; baseline -0.003 -29"><span class='ocrx_word' id='word_1_29' title='bbox 234 835 328 899; x_wconf 88' lang='lat' dir='ltr'><strong>visum</strong></span> <span class='ocrx_word' id='word_1_30' title='bbox 359 853 464 913; x_wconf 92' lang='lat' dir='ltr'><strong>orare,</strong></span> <span class='ocrx_word' id='word_1_31' title='bbox 495 835 561 915; x_wconf 92' lang='lat' dir='ltr'><strong>ipso</strong></span> <span class='ocrx_word' id='word_1_32' title='bbox 588 841 691 898; x_wconf 90' lang='lat' dir='ltr'><strong>sancto</strong></span> <span class='ocrx_word' id='word_1_33' title='bbox 723 835 788 897; x_wconf 92' lang='lat' dir='ltr'><strong>viro</strong></span> <span class='ocrx_word' id='word_1_34' title='bbox 821 834 977 897; x_wconf 76' lang='lat' dir='ltr'>sacerdote</span> <span class='ocrx_word' id='word_1_35' title='bbox 1007 833 1140 897; x_wconf 87' lang='lat' dir='ltr'><strong>Zenobio</strong></span> <span class='ocrx_word' id='word_1_36' title='bbox 1174 832 1325 928; x_wconf 86' lang='lat' dir='ltr'><strong>referente</strong></span> 
     </span>
     <span class='ocr_line' id='line_1_6' title="bbox 236 945 1324 1029; baseline -0.004 -18"><span class='ocrx_word' id='word_1_37' title='bbox 236 948 398 1012; x_wconf 82' lang='lat' dir='ltr'><strong>didicimus.</strong></span> <span class='ocrx_word' id='word_1_38' title='bbox 444 948 475 1010; x_wconf 96' lang='lat' dir='ltr'><strong>ln</strong></span> <span class='ocrx_word' id='word_1_39' title='bbox 501 945 604 1010; x_wconf 90' lang='lat' dir='ltr'><strong>eadem</strong></span> <span class='ocrx_word' id='word_1_40' title='bbox 627 947 712 1010; x_wconf 91' lang='lat' dir='ltr'><strong>etiarn</strong></span> <span class='ocrx_word' id='word_1_41' title='bbox 736 947 835 1028; x_wconf 93' lang='lat' dir='ltr'><strong>domo,</strong></span> <span class='ocrx_word' id='word_1_42' title='bbox 858 949 887 1010; x_wconf 92' lang='lat' dir='ltr'><strong>in</strong></span> <span class='ocrx_word' id='word_1_43' title='bbox 911 966 968 1029; x_wconf 90' lang='lat' dir='ltr'><strong>qua</strong></span> <span class='ocrx_word' id='word_1_44' title='bbox 992 947 1141 1011; x_wconf 91' lang='lat' dir='ltr'><strong>declinans</strong></span> <span class='ocrx_word' id='word_1_45' title='bbox 1161 947 1324 1029; x_wconf 82' lang='lat' dir='ltr'><strong>Eugenium</strong></span> 
     </span>
     <span class='ocr_line' id='line_1_7' title="bbox 233 1059 1324 1144; baseline -0.001 -20"><span class='ocrx_word' id='word_1_46' title='bbox 233 1063 353 1142; x_wconf 90' lang='lat' dir='ltr'><strong>mansit,</strong></span> <span class='ocrx_word' id='word_1_47' title='bbox 385 1067 537 1143; x_wconf 90' lang='lat' dir='ltr'><strong>tempore,</strong></span> <span class='ocrx_word' id='word_1_48' title='bbox 568 1078 626 1142; x_wconf 90' lang='lat' dir='ltr'><strong>quo</strong></span> <span class='ocrx_word' id='word_1_49' title='bbox 649 1059 832 1144; x_wconf 85' lang='lat' dir='ltr'><strong>Radagaisus</strong></span> <span class='ocrx_word' id='word_1_50' title='bbox 855 1078 945 1143; x_wconf 91' lang='lat' dir='ltr'><strong>supra</strong></span> <span class='ocrx_word' id='word_1_51' title='bbox 969 1061 1073 1124; x_wconf 90' lang='lat' dir='ltr'><strong>dictam</strong></span> <span class='ocrx_word' id='word_1_52' title='bbox 1096 1061 1243 1123; x_wconf 88' lang='lat' dir='ltr'><strong>civitatem</strong></span> <span class='ocrx_word' id='word_1_53' title='bbox 1267 1060 1324 1123; x_wconf 95' lang='lat' dir='ltr'><strong>ob-</strong></span> 
     </span>
     <span class='ocr_line' id='line_1_8' title="bbox 233 1175 1323 1259; baseline 0 -21"><span class='ocrx_word' id='word_1_54' title='bbox 233 1175 357 1255; x_wconf 90' lang='lat' dir='ltr'><strong>sidebat,</strong></span> <span class='ocrx_word' id='word_1_55' title='bbox 381 1194 447 1239; x_wconf 92' lang='lat' dir='ltr'><strong>cum</strong></span> <span class='ocrx_word' id='word_1_56' title='bbox 470 1175 526 1239; x_wconf 91' lang='lat' dir='ltr'><strong>iam</strong></span> <span class='ocrx_word' id='word_1_57' title='bbox 549 1175 586 1238; x_wconf 92' lang='lat' dir='ltr'><strong>de</strong></span> <span class='ocrx_word' id='word_1_58' title='bbox 601 1193 636 1240; x_wconf 93' lang='lat' dir='ltr'><strong>se</strong></span> <span class='ocrx_word' id='word_1_59' title='bbox 650 1178 768 1258; x_wconf 92' lang='lat' dir='ltr'><strong>penitus</strong></span> <span class='ocrx_word' id='word_1_60' title='bbox 784 1175 996 1259; x_wconf 80' lang='lat' dir='ltr'><strong>desperassent</strong></span> <span class='ocrx_word' id='word_1_61' title='bbox 1011 1177 1066 1239; x_wconf 91' lang='lat' dir='ltr'><strong>viri</strong></span> <span class='ocrx_word' id='word_1_62' title='bbox 1082 1176 1206 1239; x_wconf 88' lang='lat' dir='ltr'><strong>civitatis</strong></span> <span class='ocrx_word' id='word_1_63' title='bbox 1222 1177 1323 1258; x_wconf 90' lang='lat' dir='ltr'><strong>ipsius,</strong></span> 
     </span>
     <span class='ocr_line' id='line_1_9' title="bbox 231 1289 1324 1374; baseline -0.002 -21"><span class='ocrx_word' id='word_1_64' title='bbox 231 1291 403 1372; x_wconf 88' lang='lat' dir='ltr'><strong>pervisum</strong></span> <span class='ocrx_word' id='word_1_65' title='bbox 426 1290 540 1354; x_wconf 88' lang='lat' dir='ltr'><strong>cuidam</strong></span> <span class='ocrx_word' id='word_1_66' title='bbox 568 1290 703 1373; x_wconf 78' lang='lat' dir='ltr'><strong>adparuit</strong></span> <span class='ocrx_word' id='word_1_67' title='bbox 732 1298 762 1354; x_wconf 92' lang='lat' dir='ltr'><strong>et</strong></span> <span class='ocrx_word' id='word_1_68' title='bbox 790 1293 925 1374; x_wconf 93' lang='lat' dir='ltr'><strong>promisit</strong></span> <span class='ocrx_word' id='word_1_69' title='bbox 954 1292 1011 1356; x_wconf 91' lang='lat' dir='ltr'><strong>alio</strong></span> <span class='ocrx_word' id='word_1_70' title='bbox 1043 1291 1090 1353; x_wconf 90' lang='lat' dir='ltr'><strong>die</strong></span> <span class='ocrx_word' id='word_1_71' title='bbox 1119 1290 1242 1354; x_wconf 89' lang='lat' dir='ltr'><strong>salutem</strong></span> <span class='ocrx_word' id='word_1_72' title='bbox 1268 1289 1324 1352; x_wconf 92' lang='lat' dir='ltr'><strong>illis</strong></span> 
     </span>
     <span class='ocr_line' id='line_1_10' title="bbox 231 1404 1324 1481; baseline -0.004 -12"><span class='ocrx_word' id='word_1_73' title='bbox 231 1404 404 1469; x_wconf 89' lang='lat' dir='ltr'><strong>adfuturam.</strong></span> <span class='ocrx_word' id='word_1_74' title='bbox 461 1404 527 1479; x_wconf 87' lang='lat' dir='ltr'><strong>Ouo</strong></span> <span class='ocrx_word' id='word_1_75' title='bbox 561 1406 712 1469; x_wconf 84' lang='lat' dir='ltr'><strong>referente</strong></span> <span class='ocrx_word' id='word_1_76' title='bbox 747 1406 854 1470; x_wconf 87' lang='lat' dir='ltr'><strong>civium</strong></span> <span class='ocrx_word' id='word_1_77' title='bbox 888 1406 976 1468; x_wconf 88' lang='lat' dir='ltr'><strong>animi</strong></span> <span class='ocrx_word' id='word_1_78' title='bbox 1009 1412 1078 1468; x_wconf 94' lang='lat' dir='ltr'><strong>sunt</strong></span> <span class='ocrx_word' id='word_1_79' title='bbox 1111 1405 1220 1481; x_wconf 90' lang='lat' dir='ltr'><strong>erecti;</strong></span> <span class='ocrx_word' id='word_1_80' title='bbox 1257 1421 1324 1465; x_wconf 90' lang='lat' dir='ltr'><strong>nam</strong></span> 
     </span>
     <span class='ocr_line' id='line_1_11' title="bbox 231 1515 1323 1586; baseline -0.004 -3"><span class='ocrx_word' id='word_1_81' title='bbox 231 1519 325 1583; x_wconf 89' lang='lat' dir='ltr'><strong>altero</strong></span> <span class='ocrx_word' id='word_1_82' title='bbox 349 1520 397 1582; x_wconf 92' lang='lat' dir='ltr'><strong>die</strong></span> <span class='ocrx_word' id='word_1_83' title='bbox 420 1518 596 1585; x_wconf 88' lang='lat' dir='ltr'><strong>adveniente</strong></span> <span class='ocrx_word' id='word_1_84' title='bbox 618 1520 759 1586; x_wconf 89' lang='lat' dir='ltr'><strong>Stilieone</strong></span> <span class='ocrx_word' id='word_1_85' title='bbox 781 1527 850 1583; x_wconf 90' lang='lat' dir='ltr'><strong>tunc</strong></span> <span class='ocrx_word' id='word_1_86' title='bbox 873 1522 979 1584; x_wconf 84' lang='lat' dir='ltr'><strong>comite</strong></span> <span class='ocrx_word' id='word_1_87' title='bbox 1002 1538 1068 1582; x_wconf 92' lang='lat' dir='ltr'><strong>oum</strong></span> <span class='ocrx_word' id='word_1_88' title='bbox 1091 1519 1226 1580; x_wconf 85' lang='lat' dir='ltr'><strong>exercitu</strong></span> <span class='ocrx_word' id='word_1_89' title='bbox 1249 1515 1323 1579; x_wconf 89' lang='lat' dir='ltr'><strong>facta</strong></span> 
     </span>
     <span class='ocr_line' id='line_1_12' title="bbox 232 1631 1323 1718; baseline -0.003 -22"><span class='ocrx_word' id='word_1_90' title='bbox 232 1640 278 1696; x_wconf 90' lang='lat' dir='ltr'><strong>est</strong></span> <span class='ocrx_word' id='word_1_91' title='bbox 308 1632 345 1696; x_wconf 92' lang='lat' dir='ltr'><strong>de</strong></span> <span class='ocrx_word' id='word_1_92' title='bbox 376 1634 511 1697; x_wconf 86' lang='lat' dir='ltr'><strong>hostibus</strong></span> <span class='ocrx_word' id='word_1_93' title='bbox 542 1635 673 1698; x_wconf 91' lang='lat' dir='ltr'><strong>victoria.</strong></span> <span class='ocrx_word' id='word_1_94' title='bbox 726 1635 806 1698; x_wconf 89' lang='lat' dir='ltr'><strong>llaec</strong></span> <span class='ocrx_word' id='word_1_95' title='bbox 837 1635 1003 1718; x_wconf 89' lang='lat' dir='ltr'><strong>Pansophia</strong></span> <span class='ocrx_word' id='word_1_96' title='bbox 1033 1634 1174 1717; x_wconf 81' lang='lat' dir='ltr'><strong>religiosa</strong></span> <span class='ocrx_word' id='word_1_97' title='bbox 1206 1631 1323 1711; x_wconf 87' lang='lat' dir='ltr'><strong>femina,</strong></span> 
     </span>
     <span class='ocr_line' id='line_1_13' title="bbox 232 1749 1029 1833; baseline 0 -23"><span class='ocrx_word' id='word_1_98' title='bbox 232 1755 328 1811; x_wconf 83' lang='lat' dir='ltr'><strong>matre</strong></span> <span class='ocrx_word' id='word_1_99' title='bbox 350 1749 435 1830; x_wconf 90' lang='lat' dir='ltr'><strong>pueri</strong></span> <span class='ocrx_word' id='word_1_100' title='bbox 458 1749 626 1832; x_wconf 89' lang='lat' dir='ltr'><strong>Pansopbii,</strong></span> <span class='ocrx_word' id='word_1_101' title='bbox 648 1749 801 1813; x_wconf 82' lang='lat' dir='ltr'><strong>referente</strong></span> <span class='ocrx_word' id='word_1_102' title='bbox 824 1750 1029 1833; x_wconf 84' lang='lat' dir='ltr'><strong>cognovimus.</strong></span> 
     </span>
    </p>

    <p class='ocr_par' dir='ltr' id='par_1_3' title="bbox 169 1859 1324 3421">
     <span class='ocr_line' id='line_1_14' title="bbox 317 1859 1323 1944; baseline -0.005 -19"><span class='ocrx_word' id='word_1_103' title='bbox 317 1859 369 1926; x_wconf 76' lang='lat'><strong>51.</strong></span> <span class='ocrx_word' id='word_1_104' title='bbox 413 1862 572 1925; x_wconf 84' lang='lat' dir='ltr'><strong>blasconeli</strong></span> <span class='ocrx_word' id='word_1_105' title='bbox 600 1864 687 1926; x_wconf 87' lang='lat' dir='ltr'><strong>etiarn</strong></span> <span class='ocrx_word' id='word_1_106' title='bbox 714 1862 883 1944; x_wconf 82' lang='lat' dir='ltr'><strong>desperanti</strong></span> <span class='ocrx_word' id='word_1_107' title='bbox 906 1861 943 1924; x_wconf 93' lang='lat' dir='ltr'><strong>de</strong></span> <span class='ocrx_word' id='word_1_108' title='bbox 966 1860 1060 1923; x_wconf 89' lang='lat' dir='ltr'><strong>salute</strong></span> <span class='ocrx_word' id='word_1_109' title='bbox 1082 1877 1135 1922; x_wconf 89' lang='lat' dir='ltr'><strong>sua</strong></span> <span class='ocrx_word' id='word_1_110' title='bbox 1159 1859 1205 1921; x_wconf 91' lang='lat' dir='ltr'><strong>vel</strong></span> <span class='ocrx_word' id='word_1_111' title='bbox 1229 1877 1323 1922; x_wconf 87' lang='lat' dir='ltr'><strong>exer-</strong></span> 
     </span>
     <span class='ocr_line' id='line_1_15' title="bbox 231 1975 1322 2058; baseline -0.003 -19"><span class='ocrx_word' id='word_1_112' title='bbox 231 1977 321 2058; x_wconf 90' lang='lat' dir='ltr'><strong>citus,</strong></span> <span class='ocrx_word' id='word_1_113' title='bbox 345 1995 433 2058; x_wconf 90' lang='lat' dir='ltr'><strong>quem</strong></span> <span class='ocrx_word' id='word_1_114' title='bbox 458 1977 595 2042; x_wconf 91' lang='lat' dir='ltr'><strong>ductabat</strong></span> <span class='ocrx_word' id='word_1_115' title='bbox 617 1983 723 2040; x_wconf 91' lang='lat' dir='ltr'><strong>contra</strong></span> <span class='ocrx_word' id='word_1_116' title='bbox 746 1975 919 2055; x_wconf 84' lang='lat' dir='ltr'><strong>Gildonem,</strong></span> <span class='ocrx_word' id='word_1_117' title='bbox 948 1975 1083 2039; x_wconf 89' lang='lat' dir='ltr'><strong>baculum</strong></span> <span class='ocrx_word' id='word_1_118' title='bbox 1107 1981 1214 2036; x_wconf 87' lang='lat' dir='ltr'><strong>tenens</strong></span> <span class='ocrx_word' id='word_1_119' title='bbox 1237 1992 1322 2036; x_wconf 90' lang='lat' dir='ltr'><strong>manu</strong></span> 
     </span>
     <span class='ocr_line' id='line_1_16' title="bbox 229 2086 1322 2175; baseline -0.004 -21"><span class='ocrx_word' id='word_1_120' title='bbox 229 2093 260 2154; x_wconf 89' lang='lat' dir='ltr'><strong>in</strong></span> <span class='ocrx_word' id='word_1_121' title='bbox 282 2093 350 2155; x_wconf 86' lang='lat' dir='ltr'><strong>visu</strong></span> <span class='ocrx_word' id='word_1_122' title='bbox 372 2092 469 2154; x_wconf 92' lang='lat' dir='ltr'><strong>noctis</strong></span> <span class='ocrx_word' id='word_1_123' title='bbox 496 2092 630 2174; x_wconf 86' lang='lat' dir='ltr'><strong>adparuit</strong></span> <span class='ocrx_word' id='word_1_124' title='bbox 660 2100 765 2175; x_wconf 92' lang='lat' dir='ltr'><strong>atque,</strong></span> <span class='ocrx_word' id='word_1_125' title='bbox 800 2110 865 2154; x_wconf 86' lang='lat' dir='ltr'><strong>curn</strong></span> <span class='ocrx_word' id='word_1_126' title='bbox 897 2089 1128 2172; x_wconf 84' lang='lat' dir='ltr'><strong>provolveretur</strong></span> <span class='ocrx_word' id='word_1_127' title='bbox 1160 2088 1197 2150; x_wconf 90' lang='lat' dir='ltr'><strong>ad</strong></span> <span class='ocrx_word' id='word_1_128' title='bbox 1228 2086 1322 2170; x_wconf 90' lang='lat' dir='ltr'><strong>pedes</strong></span> 
     </span>
     <span class='ocr_line' id='line_1_17' title="bbox 230 2202 1322 2290; baseline -0.005 -20"><span class='ocrx_word' id='word_1_129' title='bbox 230 2207 325 2270; x_wconf 90' lang='lat' dir='ltr'><strong>sancti</strong></span> <span class='ocrx_word' id='word_1_130' title='bbox 354 2207 410 2268; x_wconf 92' lang='lat' dir='ltr'><strong>viri</strong></span> <span class='ocrx_word' id='word_1_131' title='bbox 441 2206 607 2286; x_wconf 87' lang='lat' dir='ltr'><strong>blascezel,</strong></span> <span class='ocrx_word' id='word_1_132' title='bbox 640 2208 809 2290; x_wconf 88' lang='lat' dir='ltr'><strong>percutiens</strong></span> <span class='ocrx_word' id='word_1_133' title='bbox 840 2213 948 2269; x_wconf 87' lang='lat' dir='ltr'><strong>terram</strong></span> <span class='ocrx_word' id='word_1_134' title='bbox 982 2223 1077 2268; x_wconf 85' lang='lat' dir='ltr'><strong>senex</strong></span> <span class='ocrx_word' id='word_1_135' title='bbox 1105 2202 1229 2281; x_wconf 92' lang='lat' dir='ltr'><strong>baculo,</strong></span> <span class='ocrx_word' id='word_1_136' title='bbox 1262 2218 1322 2282; x_wconf 89' lang='lat' dir='ltr'><strong>quo</strong></span> 
     </span>
     <span class='ocr_line' id='line_1_18' title="bbox 169 2313 1323 2404; baseline -0.003 -22"><span class='ocrx_word' id='word_1_137' title='bbox 169 2319 172 2330; x_wconf 58' lang='lat'>¹</span> <span class='ocrx_word' id='word_1_138' title='bbox 229 2320 406 2403; x_wconf 86' lang='lat' dir='ltr'><strong>regebatur,</strong></span> <span class='ocrx_word' id='word_1_139' title='bbox 440 2322 527 2384; x_wconf 90' lang='lat' dir='ltr'><strong>tertio</strong></span> <span class='ocrx_word' id='word_1_140' title='bbox 552 2317 627 2404; x_wconf 85' lang='lat' dir='ltr'><strong>(hac</strong></span> <span class='ocrx_word' id='word_1_141' title='bbox 650 2323 727 2385; x_wconf 90' lang='lat' dir='ltr'><strong>enim</strong></span> <span class='ocrx_word' id='word_1_142' title='bbox 751 2322 790 2383; x_wconf 94' lang='lat' dir='ltr'><strong>illi</strong></span> <span class='ocrx_word' id='word_1_143' title='bbox 813 2322 914 2404; x_wconf 91' lang='lat' dir='ltr'><strong>specie</strong></span> <span class='ocrx_word' id='word_1_144' title='bbox 936 2315 1133 2402; x_wconf 87' lang='lat' dir='ltr'><strong>adparuerat)</strong></span> <span class='ocrx_word' id='word_1_145' title='bbox 1165 2317 1219 2380; x_wconf 88' lang='lat' dir='ltr'><strong>ait:</strong></span> <span class='ocrx_word' id='word_1_146' title='bbox 1253 2313 1323 2392; x_wconf 84' lang='lat' dir='ltr'><strong>llic,</strong></span> 
     </span>
     <span class='ocr_line' id='line_1_19' title="bbox 230 2430 1324 2516; baseline -0.003 -23"><span class='ocrx_word' id='word_1_147' title='bbox 230 2432 290 2508; x_wconf 84' lang='lat' dir='ltr'><strong>bie,</strong></span> <span class='ocrx_word' id='word_1_148' title='bbox 314 2432 376 2508; x_wconf 84' lang='lat' dir='ltr'><strong>bic,</strong></span> <span class='ocrx_word' id='word_1_149' title='bbox 398 2432 520 2515; x_wconf 86' lang='lat' dir='ltr'><strong>signans</strong></span> <span class='ocrx_word' id='word_1_150' title='bbox 543 2433 652 2513; x_wconf 90' lang='lat' dir='ltr'><strong>locum,</strong></span> <span class='ocrx_word' id='word_1_151' title='bbox 677 2434 817 2516; x_wconf 88' lang='lat' dir='ltr'><strong>deditque</strong></span> <span class='ocrx_word' id='word_1_152' title='bbox 840 2434 1017 2496; x_wconf 89' lang='lat' dir='ltr'><strong>intellectum</strong></span> <span class='ocrx_word' id='word_1_153' title='bbox 1039 2434 1116 2511; x_wconf 93' lang='lat' dir='ltr'><strong>viro,</strong></span> <span class='ocrx_word' id='word_1_154' title='bbox 1140 2448 1227 2512; x_wconf 90' lang='lat' dir='ltr'><strong>quem</strong></span> <span class='ocrx_word' id='word_1_155' title='bbox 1247 2430 1324 2491; x_wconf 91' lang='lat' dir='ltr'><strong>visi-</strong></span> 
     </span>
     <span class='ocr_line' id='line_1_20' title="bbox 225 2529 1323 2628; baseline 0 -22"><span class='ocrx_word' id='word_1_156' title='bbox 225 2529 342 2607; x_wconf 85' lang='lat' dir='ltr'><strong>tatione</strong></span> <span class='ocrx_word' id='word_1_157' title='bbox 365 2544 486 2627; x_wconf 84' lang='lat' dir='ltr'><strong>dignum</strong></span> <span class='ocrx_word' id='word_1_158' title='bbox 509 2546 607 2608; x_wconf 90' lang='lat' dir='ltr'><strong>fuerat</strong></span> <span class='ocrx_word' id='word_1_159' title='bbox 628 2547 796 2625; x_wconf 88' lang='lat' dir='ltr'><strong>arbitratus,</strong></span> <span class='ocrx_word' id='word_1_160' title='bbox 818 2553 850 2608; x_wconf 93' lang='lat' dir='ltr'><strong>ut</strong></span> <span class='ocrx_word' id='word_1_161' title='bbox 872 2553 1053 2628; x_wconf 82' lang='lat' dir='ltr'><strong>agnosceret</strong></span> <span class='ocrx_word' id='word_1_162' title='bbox 1067 2562 1101 2607; x_wconf 91' lang='lat' dir='ltr'><strong>se</strong></span> <span class='ocrx_word' id='word_1_163' title='bbox 1116 2546 1145 2606; x_wconf 93' lang='lat' dir='ltr'><strong>in</strong></span> <span class='ocrx_word' id='word_1_164' title='bbox 1161 2545 1227 2626; x_wconf 92' lang='lat' dir='ltr'><strong>ipso</strong></span> <span class='ocrx_word' id='word_1_165' title='bbox 1243 2543 1323 2623; x_wconf 91' lang='lat' dir='ltr'><strong>loco,</strong></span> 
     </span>
     <span class='ocr_line' id='line_1_21' title="bbox 229 2656 1324 2737; baseline 0 -19"><span class='ocrx_word' id='word_1_166' title='bbox 229 2657 259 2718; x_wconf 91' lang='lat' dir='ltr'><strong>in</strong></span> <span class='ocrx_word' id='word_1_167' title='bbox 283 2675 342 2736; x_wconf 95' lang='lat' dir='ltr'><strong>quo</strong></span> <span class='ocrx_word' id='word_1_168' title='bbox 366 2663 501 2719; x_wconf 88' lang='lat' dir='ltr'><strong>sanctum</strong></span> <span class='ocrx_word' id='word_1_169' title='bbox 523 2656 634 2719; x_wconf 89' lang='lat' dir='ltr'><strong>domini</strong></span> <span class='ocrx_word' id='word_1_170' title='bbox 655 2656 769 2720; x_wconf 88' lang='lat' dir='ltr'><strong>viderat</strong></span> <span class='ocrx_word' id='word_1_171' title='bbox 784 2659 981 2737; x_wconf 86' lang='lat' dir='ltr'><strong>sacerdotem,</strong></span> <span class='ocrx_word' id='word_1_172' title='bbox 1005 2657 1054 2719; x_wconf 92' lang='lat' dir='ltr'><strong>die</strong></span> <span class='ocrx_word' id='word_1_173' title='bbox 1069 2659 1154 2721; x_wconf 90' lang='lat' dir='ltr'><strong>tertia</strong></span> <span class='ocrx_word' id='word_1_174' title='bbox 1169 2658 1324 2720; x_wconf 88' lang='lat' dir='ltr'><strong>victoriam</strong></span> 
     </span>
     <span class='ocr_line' id='line_1_22' title="bbox 229 2770 1322 2853; baseline 0.001 -21"><span class='ocrx_word' id='word_1_175' title='bbox 229 2770 413 2853; x_wconf 90' lang='lat' dir='ltr'><strong>adepturum,</strong></span> <span class='ocrx_word' id='word_1_176' title='bbox 436 2776 524 2851; x_wconf 87' lang='lat' dir='ltr'><strong>atque</strong></span> <span class='ocrx_word' id='word_1_177' title='bbox 548 2770 587 2831; x_wconf 90' lang='lat' dir='ltr'><strong>ita</strong></span> <span class='ocrx_word' id='word_1_178' title='bbox 610 2787 733 2833; x_wconf 90' lang='lat' dir='ltr'><strong>securus</strong></span> <span class='ocrx_word' id='word_1_179' title='bbox 756 2771 863 2834; x_wconf 89' lang='lat' dir='ltr'><strong>bellum</strong></span> <span class='ocrx_word' id='word_1_180' title='bbox 887 2772 1036 2835; x_wconf 87' lang='lat' dir='ltr'><strong>inchoavit</strong></span> <span class='ocrx_word' id='word_1_181' title='bbox 1056 2779 1085 2835; x_wconf 90' lang='lat' dir='ltr'><strong>et</strong></span> <span class='ocrx_word' id='word_1_182' title='bbox 1101 2772 1322 2836; x_wconf 90' lang='lat' dir='ltr'><strong>consummavit.</strong></span> 
     </span>
     <span class='ocr_line' id='line_1_23' title="bbox 228 2882 1324 2970; baseline 0.002 -22"><span class='ocrx_word' id='word_1_183' title='bbox 228 2885 291 2948; x_wconf 91' lang='lat' dir='ltr'><strong>Nos</strong></span> <span class='ocrx_word' id='word_1_184' title='bbox 314 2889 413 2946; x_wconf 92' lang='lat' dir='ltr'><strong>tamen</strong></span> <span class='ocrx_word' id='word_1_185' title='bbox 436 2902 471 2945; x_wconf 89' lang='lat' dir='ltr'><strong>ea</strong></span> <span class='ocrx_word' id='word_1_186' title='bbox 488 2882 647 2945; x_wconf 87' lang='lat' dir='ltr'><strong>Mediolani</strong></span> <span class='ocrx_word' id='word_1_187' title='bbox 667 2885 756 2964; x_wconf 91' lang='lat' dir='ltr'><strong>positi</strong></span> <span class='ocrx_word' id='word_1_188' title='bbox 772 2886 837 2965; x_wconf 94' lang='lat' dir='ltr'><strong>ipso</strong></span> <span class='ocrx_word' id='word_1_189' title='bbox 853 2885 1020 2947; x_wconf 85' lang='lat' dir='ltr'><strong>llascezele</strong></span> <span class='ocrx_word' id='word_1_190' title='bbox 1035 2886 1187 2950; x_wconf 87' lang='lat' dir='ltr'><strong>referente</strong></span> <span class='ocrx_word' id='word_1_191' title='bbox 1202 2905 1324 2970; x_wconf 85' lang='lat' dir='ltr'><strong>cogno-</strong></span> 
     </span>
     <span class='ocr_line' id='line_1_24' title="bbox 228 2998 1323 3080; baseline -0.001 -18"><span class='ocrx_word' id='word_1_192' title='bbox 228 2999 340 3074; x_wconf 91' lang='lat' dir='ltr'><strong>vimus;</strong></span> <span class='ocrx_word' id='word_1_193' title='bbox 363 3016 430 3059; x_wconf 86' lang='lat' dir='ltr'><strong>narn</strong></span> <span class='ocrx_word' id='word_1_194' title='bbox 454 3004 483 3059; x_wconf 91' lang='lat' dir='ltr'><strong>et</strong></span> <span class='ocrx_word' id='word_1_195' title='bbox 506 2998 535 3059; x_wconf 93' lang='lat' dir='ltr'><strong>in</strong></span> <span class='ocrx_word' id='word_1_196' title='bbox 557 2998 613 3060; x_wconf 91' lang='lat' dir='ltr'><strong>bac</strong></span> <span class='ocrx_word' id='word_1_197' title='bbox 636 2998 798 3078; x_wconf 86' lang='lat' dir='ltr'><strong>provincia,</strong></span> <span class='ocrx_word' id='word_1_198' title='bbox 821 2999 850 3059; x_wconf 93' lang='lat' dir='ltr'><strong>in</strong></span> <span class='ocrx_word' id='word_1_199' title='bbox 875 3017 931 3080; x_wconf 92' lang='lat' dir='ltr'><strong>qua</strong></span> <span class='ocrx_word' id='word_1_200' title='bbox 953 3016 1033 3061; x_wconf 92' lang='lat' dir='ltr'><strong>nunc</strong></span> <span class='ocrx_word' id='word_1_201' title='bbox 1054 2999 1142 3080; x_wconf 91' lang='lat' dir='ltr'><strong>positi</strong></span> <span class='ocrx_word' id='word_1_202' title='bbox 1158 3000 1323 3078; x_wconf 90' lang='lat' dir='ltr'><strong>scribimus,</strong></span> 
     </span>
     <span class='ocr_line' id='line_1_25' title="bbox 228 3110 1324 3194; baseline 0.001 -21"><span class='ocrx_word' id='word_1_203' title='bbox 228 3111 360 3194; x_wconf 92' lang='lat' dir='ltr'><strong>plurimis</strong></span> <span class='ocrx_word' id='word_1_204' title='bbox 384 3111 441 3173; x_wconf 91' lang='lat' dir='ltr'><strong>hoo</strong></span> <span class='ocrx_word' id='word_1_205' title='bbox 465 3111 561 3192; x_wconf 89' lang='lat' dir='ltr'><strong>ipsum</strong></span> <span class='ocrx_word' id='word_1_206' title='bbox 583 3112 682 3174; x_wconf 89' lang='lat' dir='ltr'><strong>retulit</strong></span> <span class='ocrx_word' id='word_1_207' title='bbox 704 3110 919 3192; x_wconf 86' lang='lat' dir='ltr'><strong>sacerdotibus,</strong></span> <span class='ocrx_word' id='word_1_208' title='bbox 943 3112 1050 3192; x_wconf 93' lang='lat' dir='ltr'><strong>quibus</strong></span> <span class='ocrx_word' id='word_1_209' title='bbox 1073 3113 1159 3175; x_wconf 87' lang='lat' dir='ltr'><strong>etiam</strong></span> <span class='ocrx_word' id='word_1_210' title='bbox 1181 3112 1324 3175; x_wconf 90' lang='lat' dir='ltr'><strong>referen-</strong></span> 
     </span>
     <span class='ocr_line' id='line_1_26' title="bbox 228 3223 1323 3308; baseline 0 -20"><span class='ocrx_word' id='word_1_211' title='bbox 228 3227 305 3289; x_wconf 94' lang='lat' dir='ltr'><strong>tibus</strong></span> <span class='ocrx_word' id='word_1_212' title='bbox 336 3224 473 3288; x_wconf 89' lang='lat' dir='ltr'><strong>secorius</strong></span> <span class='ocrx_word' id='word_1_213' title='bbox 501 3223 588 3286; x_wconf 92' lang='lat' dir='ltr'><strong>nobis</strong></span> <span class='ocrx_word' id='word_1_214' title='bbox 615 3233 684 3286; x_wconf 89' lang='lat' dir='ltr'><strong>ante</strong></span> <span class='ocrx_word' id='word_1_215' title='bbox 713 3225 831 3308; x_wconf 82' lang='lat' dir='ltr'><strong>cognita</strong></span> <span class='ocrx_word' id='word_1_216' title='bbox 860 3225 928 3287; x_wconf 89' lang='lat' dir='ltr'><strong>huic</strong></span> <span class='ocrx_word' id='word_1_217' title='bbox 956 3223 1031 3287; x_wconf 90' lang='lat' dir='ltr'><strong>libro</strong></span> <span class='ocrx_word' id='word_1_218' title='bbox 1061 3226 1191 3288; x_wconf 88' lang='lat' dir='ltr'><strong>arbitrati</strong></span> <span class='ocrx_word' id='word_1_219' title='bbox 1222 3243 1323 3288; x_wconf 90' lang='lat' dir='ltr'><strong>sumus</strong></span> 
     </span>
     <span class='ocr_line' id='line_1_27' title="bbox 230 3338 405 3421; baseline -0.023 -17"><span class='ocrx_word' id='word_1_220' title='bbox 230 3338 405 3421; x_wconf 85' lang='lat' dir='ltr'><strong>adiungere.</strong></span> 
     </span>
    </p>

    <p class='ocr_par' dir='ltr' id='par_1_4' title="bbox 226 3451 1324 4226">
     <span class='ocr_line' id='line_1_28' title="bbox 315 3451 1323 3537; baseline 0.004 -22"><span class='ocrx_word' id='word_1_221' title='bbox 315 3451 366 3518; x_wconf 82' lang='lat'><strong>52.</strong></span> <span class='ocrx_word' id='word_1_222' title='bbox 413 3452 522 3518; x_wconf 88' lang='lat' dir='ltr'><strong>Sisinni</strong></span> <span class='ocrx_word' id='word_1_223' title='bbox 552 3453 639 3516; x_wconf 89' lang='lat' dir='ltr'><strong>etiam</strong></span> <span class='ocrx_word' id='word_1_224' title='bbox 670 3459 699 3515; x_wconf 89' lang='lat' dir='ltr'><strong>et</strong></span> <span class='ocrx_word' id='word_1_225' title='bbox 730 3451 892 3515; x_wconf 83' lang='lat' dir='ltr'><strong>Alexandri</strong></span> <span class='ocrx_word' id='word_1_226' title='bbox 923 3460 1101 3537; x_wconf 84' lang='lat' dir='ltr'><strong>martyrum,</strong></span> <span class='ocrx_word' id='word_1_227' title='bbox 1133 3455 1182 3536; x_wconf 90' lang='lat' dir='ltr'><strong>qui</strong></span> <span class='ocrx_word' id='word_1_228' title='bbox 1212 3456 1323 3519; x_wconf 89' lang='lat' dir='ltr'><strong>nostris</strong></span> 
     </span>
     <span class='ocr_line' id='line_1_29' title="bbox 228 3568 1324 3652; baseline -0.001 -19"><span class='ocrx_word' id='word_1_229' title='bbox 228 3569 422 3652; x_wconf 88' lang='lat' dir='ltr'><strong>temporibus,</strong></span> <span class='ocrx_word' id='word_1_230' title='bbox 446 3569 504 3632; x_wconf 89' lang='lat' dir='ltr'><strong>boc</strong></span> <span class='ocrx_word' id='word_1_231' title='bbox 527 3575 584 3648; x_wconf 92' lang='lat' dir='ltr'><strong>est,</strong></span> <span class='ocrx_word' id='word_1_232' title='bbox 608 3574 677 3649; x_wconf 90' lang='lat' dir='ltr'><strong>post</strong></span> <span class='ocrx_word' id='word_1_233' title='bbox 699 3570 810 3631; x_wconf 90' lang='lat' dir='ltr'><strong>obitum</strong></span> <span class='ocrx_word' id='word_1_234' title='bbox 834 3571 928 3632; x_wconf 90' lang='lat' dir='ltr'><strong>sancti</strong></span> <span class='ocrx_word' id='word_1_235' title='bbox 950 3568 1100 3632; x_wconf 81' lang='lat' dir='ltr'><strong>Ambrosii</strong></span> <span class='ocrx_word' id='word_1_236' title='bbox 1121 3571 1151 3632; x_wconf 92' lang='lat' dir='ltr'><strong>in</strong></span> <span class='ocrx_word' id='word_1_237' title='bbox 1167 3570 1324 3634; x_wconf 85' lang='lat' dir='ltr'><strong>Anauniae</strong></span> 
     </span>
     <span class='ocr_line' id='line_1_30' title="bbox 227 3682 1322 3768; baseline 0.001 -21"><span class='ocrx_word' id='word_1_238' title='bbox 227 3686 359 3766; x_wconf 91' lang='lat' dir='ltr'><strong>partibus</strong></span> <span class='ocrx_word' id='word_1_239' title='bbox 383 3682 631 3765; x_wconf 89' lang='lat' dir='ltr'><strong>persequentibus</strong></span> <span class='ocrx_word' id='word_1_240' title='bbox 653 3682 812 3764; x_wconf 79' lang='lat' dir='ltr'><strong>gentilibus</strong></span> <span class='ocrx_word' id='word_1_241' title='bbox 829 3683 900 3745; x_wconf 90' lang='lat' dir='ltr'><strong>viris</strong></span> <span class='ocrx_word' id='word_1_242' title='bbox 917 3683 1048 3765; x_wconf 81' lang='lat' dir='ltr'><strong>martyrii</strong></span> <span class='ocrx_word' id='word_1_243' title='bbox 1065 3701 1206 3746; x_wconf 91' lang='lat' dir='ltr'><strong>coronam</strong></span> <span class='ocrx_word' id='word_1_244' title='bbox 1223 3685 1322 3768; x_wconf 90' lang='lat' dir='ltr'><strong>adepti</strong></span> 
     </span>
     <span class='ocr_line' id='line_1_31' title="bbox 227 3796 1323 3881; baseline 0 -20"><span class='ocrx_word' id='word_1_245' title='bbox 227 3806 312 3877; x_wconf 92' lang='lat' dir='ltr'><strong>sunt,</strong></span> <span class='ocrx_word' id='word_1_246' title='bbox 339 3817 404 3860; x_wconf 90' lang='lat' dir='ltr'><strong>eum</strong></span> <span class='ocrx_word' id='word_1_247' title='bbox 426 3798 567 3878; x_wconf 87' lang='lat' dir='ltr'><strong>reliquias</strong></span> <span class='ocrx_word' id='word_1_248' title='bbox 591 3796 749 3860; x_wconf 88' lang='lat' dir='ltr'><strong>Mediolani</strong></span> <span class='ocrx_word' id='word_1_249' title='bbox 773 3814 884 3859; x_wconf 87' lang='lat' dir='ltr'><strong>summa</strong></span> <span class='ocrx_word' id='word_1_250' title='bbox 908 3816 974 3860; x_wconf 87' lang='lat' dir='ltr'><strong>curn</strong></span> <span class='ocrx_word' id='word_1_251' title='bbox 998 3797 1159 3860; x_wconf 93' lang='lat' dir='ltr'><strong>devotione</strong></span> <span class='ocrx_word' id='word_1_252' title='bbox 1182 3799 1323 3881; x_wconf 89' lang='lat' dir='ltr'><strong>suscipe-</strong></span> 
     </span>
     <span class='ocr_line' id='line_1_32' title="bbox 227 3911 1322 3995; baseline 0.002 -20"><span class='ocrx_word' id='word_1_253' title='bbox 227 3929 344 3992; x_wconf 90' lang='lat' dir='ltr'><strong>remus,</strong></span> <span class='ocrx_word' id='word_1_254' title='bbox 379 3911 557 3975; x_wconf 87' lang='lat' dir='ltr'><strong>adveniente</strong></span> <span class='ocrx_word' id='word_1_255' title='bbox 587 3911 713 3993; x_wconf 90' lang='lat' dir='ltr'><strong>quodam</strong></span> <span class='ocrx_word' id='word_1_256' title='bbox 746 3929 837 3976; x_wconf 89' lang='lat' dir='ltr'><strong>caeco</strong></span> <span class='ocrx_word' id='word_1_257' title='bbox 869 3919 898 3975; x_wconf 90' lang='lat' dir='ltr'><strong>et</strong></span> <span class='ocrx_word' id='word_1_258' title='bbox 927 3912 1079 3974; x_wconf 89' lang='lat' dir='ltr'><strong>referente</strong></span> <span class='ocrx_word' id='word_1_259' title='bbox 1113 3912 1322 3995; x_wconf 82' lang='lat' dir='ltr'><strong>cognovimus,</strong></span> 
     </span>
     <span class='ocr_line' id='line_1_33' title="bbox 229 4025 1322 4109; baseline 0.001 -20"><span class='ocrx_word' id='word_1_260' title='bbox 229 4027 278 4108; x_wconf 85' lang='lat' dir='ltr'><strong>qui</strong></span> <span class='ocrx_word' id='word_1_261' title='bbox 303 4025 410 4090; x_wconf 89' lang='lat' dir='ltr'><strong>eodem</strong></span> <span class='ocrx_word' id='word_1_262' title='bbox 431 4025 479 4088; x_wconf 91' lang='lat' dir='ltr'><strong>die</strong></span> <span class='ocrx_word' id='word_1_263' title='bbox 504 4032 582 4089; x_wconf 91' lang='lat' dir='ltr'><strong>lacto</strong></span> <span class='ocrx_word' id='word_1_264' title='bbox 605 4027 722 4107; x_wconf 90' lang='lat' dir='ltr'><strong>loculo,</strong></span> <span class='ocrx_word' id='word_1_265' title='bbox 746 4028 776 4090; x_wconf 91' lang='lat' dir='ltr'><strong>in</strong></span> <span class='ocrx_word' id='word_1_266' title='bbox 800 4045 860 4109; x_wconf 93' lang='lat' dir='ltr'><strong>quo</strong></span> <span class='ocrx_word' id='word_1_267' title='bbox 883 4034 1054 4090; x_wconf 86' lang='lat' dir='ltr'><strong>sanctorum</strong></span> <span class='ocrx_word' id='word_1_268' title='bbox 1076 4027 1220 4108; x_wconf 89' lang='lat' dir='ltr'><strong>reliquiae</strong></span> <span class='ocrx_word' id='word_1_269' title='bbox 1243 4045 1322 4108; x_wconf 91' lang='lat' dir='ltr'><strong>por-</strong></span> 
     </span>
     <span class='ocr_line' id='line_1_34' title="bbox 226 4140 1317 4226; baseline 0 -20"><span class='ocrx_word' id='word_1_270' title='bbox 226 4141 377 4222; x_wconf 87' lang='lat' dir='ltr'><strong>tabantur,</strong></span> <span class='ocrx_word' id='word_1_271' title='bbox 404 4140 503 4204; x_wconf 88' lang='lat' dir='ltr'><strong>lumen</strong></span> <span class='ocrx_word' id='word_1_272' title='bbox 525 4142 654 4222; x_wconf 87' lang='lat' dir='ltr'><strong>recepit,</strong></span> <span class='ocrx_word' id='word_1_273' title='bbox 686 4159 740 4222; x_wconf 88' lang='lat' dir='ltr'><strong>eo,</strong></span> <span class='ocrx_word' id='word_1_274' title='bbox 771 4141 851 4221; x_wconf 91' lang='lat' dir='ltr'><strong>quod</strong></span> <span class='ocrx_word' id='word_1_275' title='bbox 876 4159 932 4226; x_wconf 91' lang='lat' dir='ltr'><strong>per</strong></span> <span class='ocrx_word' id='word_1_276' title='bbox 953 4140 1048 4204; x_wconf 92' lang='lat' dir='ltr'><strong>visum</strong></span> <span class='ocrx_word' id='word_1_277' title='bbox 1071 4143 1168 4206; x_wconf 89' lang='lat' dir='ltr'><strong>noctis</strong></span> <span class='ocrx_word' id='word_1_278' title='bbox 1192 4141 1317 4206; x_wconf 89' lang='lat' dir='ltr'><strong>vidisset</strong></span> 
     </span>
    </p>
   </div>
   <div class='ocr_carea' id='block_1_3' title="bbox 0 0 1470 4700">
    <p class='ocr_par' dir='ltr' id='par_1_5' title="bbox 0 0 1470 4700">
     <span class='ocr_line' id='line_1_35' title="bbox 0 0 1470 4700; baseline 0 2"><span class='ocrx_word' id='word_1_279' title='bbox 0 0 1470 4700; x_wconf 95' lang='lat' dir='ltr'><strong> </strong></span> 
     </span>
    </p>
   </div>
  </div>
 </body>
</html>
