2966 4708
253 377 317 442 212
697 371 895 428 s.nnan0sn

252 535 454 620 apostolorum
473 531 502 618 ¹)
531 551 597 598 eum
628 531 832 599 descendisset
862 552 953 616 super
982 532 1134 616 apostolos
1163 531 1282 616 spiritus
1310 537 1343 595 et

250 650 426 734 plerosque,
453 649 503 732 qui
526 649 738 732 exspectabant
760 650 905 733 promissa
930 649 1050 728 domini,
1073 655 1219 729 umquam
1241 647 1341 732 ignem

251 763 400 846 dispersas
424 779 492 824 esse
514 761 631 844 linguas
652 761 787 846 legimus.
828 759 963 844 Denique
985 761 1029 826 sie
1052 763 1251 846 vaporabatur
1272 759 1342 824 ani-

249 895 314 942 mus
336 876 536 960 singulorum,
558 882 592 937 ut
613 881 711 938 musto
733 874 838 956 repleti
861 893 931 938 esse
954 874 1191 938 existimarentur
1213 873 1263 954 qui
1285 890 1341 936 aa·

249 995 391 1073 ceperant
411 990 578 1072 linguarum
600 985 807 1052 diversitatem.

339 1100 409 1168 104.
455 1100 531 1178 Quid
554 1118 628 1183 ergo
652 1099 709 1163 sibi
731 1099 795 1162 vult
816 1098 896 1182 quod
920 1101 997 1184 ignis
1020 1118 1097 1182 aqua
1124 1099 1219 1164 laetus
1243 1103 1289 1162 esl
1309 1104 1341 1161 et

248 1237 323 1302 aqua
353 1218 454 1301 ignem
484 1215 639 1294 excitavit,
672 1215 729 1278 nisi
761 1216 830 1296 quia
860 1214 999 1296 spiritalis
1028 1216 1122 1297 gratia
1153 1233 1209 1298 per
1239 1214 1339 1296 ignem

248 1334 355 1412 exurit,
378 1350 432 1413 per
455 1349 560 1412 aquam
582 1328 701 1392 mundat
722 1333 843 1411 peecata
866 1329 994 1393 nostra?
1031 1329 1146 1393 Eluitur
1166 1331 1244 1392 enim
1263 1345 1340 1411 pee-

247 1455 344 1512 catum
371 1453 402 1509 et
429 1445 571 1508 exuritur.
615 1442 701 1506 Unde
724 1450 755 1506 et
776 1443 930 1525 apostolus
953 1443 1009 1506 ait:
1026 1441 1058 1527 i)
1092 1443 1340 1526 Uniuaeuiusque

248 1579 327 1640 opos
357 1560 446 1641 quola
474 1560 516 1622 ait
546 1559 628 1640 ignis
653 1555 820 1638 probabit5
852 1565 882 1620 et
911 1558 1004 1623 inira:
1022 1555 1054 1642 3)
1083 1562 1119 1625 Si
1150 1561 1238 1624 maius
1262 1577 1340 1640 opos

247 1676 380 1753 arserit,
413 1675 627 1736 detrimentum
647 1673 804 1752 patietur3
836 1673 901 1752 ipae
925 1679 1026 1735 tameo
1048 1674 1157 1738 soloas
1180 1674 1258 1749 erit,
1290 1673 1341 1735 aio

247 1798 348 1852 tomen
370 1789 461 1871 quasi
479 1808 538 1869 per
561 1788 669 1869 ignem.
798 1763 805 1778 ⁸

334 1901 405 1967 105.
450 1902 536 1977 Quod
559 1901 628 1965 ideo
651 1900 819 1983 posuimus,
850 1908 883 1963 ut
911 1899 1123 1984 preberemus,
1154 1901 1338 1984 perignem

246 2017 331 2080 exuri
354 2024 484 2100 peecata.
521 2015 629 2078 Notum
653 2021 698 2078 est
720 2033 796 2098 ergo
819 2015 897 2079 buno
920 2034 988 2080 esse
1004 2034 1078 2080 vere
1094 2016 1193 2102 ignem
1208 2032 1336 2095 sacrum,

245 2131 296 2214 qui
328 2139 397 2195 tune
427 2133 457 2194 in
487 2138 559 2214 typo
590 2129 708 2195 iuturae
742 2131 925 2196 remissionis
958 2136 1148 2214 peecatorum
1182 2129 1338 2194 deseendit

238 2265 336 2344 'super
358 2246 543 2311 sacrificium.

334 2358 405 2425 106.
449 2360 504 2424 llio
533 2361 624 2446 igitur
653 2361 732 2444 ignis
763 2360 954 2424 absconditur
984 2359 1159 2442 captivitatis
1191 2363 1338 2439 tempore,

245 2493 305 2556 quo
330 2473 415 2555 eulpa
437 2482 561 2558 regnal;
585 2481 718 2556 tempore
741 2481 838 2536 autem
860 2473 1003 2536 libertatis
1025 2473 1178 2555 promitur.
1216 2471 1253 2534 Et
1267 2471 1338 2534 lieet

245 2586 275 2648 in
298 2603 393 2666 aquae
415 2587 544 2668 speciem
575 2591 722 2663 mutatus,
755 2592 852 2648 tamen
882 2592 984 2648 servat
1014 2587 1092 2669 ignis
1123 2591 1271 2666 naturam,
1305 2590 1337 2648 ut

245 2705 436 2763 consumeret
456 2697 639 2763 sacrificium.
685 2696 749 2759 Neo
772 2697 898 2776 mireris,
922 2716 988 2762 eum
1010 2698 1138 2781 legeris,
1161 2698 1230 2780 quia
1252 2703 1337 2780 pater

244 2812 318 2876 deus
349 2812 437 2876 dixit:
454 2807 487 2895 ⁴)
519 2811 586 2892 Ego
616 2829 684 2872 sum
712 2810 796 2893 igols
825 2830 1026 2891 consenseras,
1060 2819 1090 2875 et
1119 2812 1202 2876 alibi:
1221 2809 1253 2897 5)
1289 2811 1337 2874 dle

243 2927 473 3008 dereliquerunt
502 2924 618 3004 fontem
651 2943 752 3006 oquae
784 2926 883 2990 oiooe.
934 2923 1001 3008 lpse
1040 2945 1160 3009 quoque
1199 2927 1336 2990 dominus

243 3041 326 3104 lesus
348 3039 433 3121 quasi
455 3040 533 3124 ignis
555 3038 713 3103 inflammat
734 3039 915 3104 audientium
938 3040 1047 3119 eorda,
1078 3041 1162 3121 quasi
1191 3039 1259 3104 fons
1281 3058 1336 3103 re-

244 3153 384 3238 frigeral3
407 3172 474 3217 nam
495 3153 560 3234 ipse
582 3155 612 3216 iu
636 3153 794 3238 evangelio
817 3172 874 3217 suo
897 3152 967 3216 dicit
979 3148 1011 3237 6)
1028 3152 1109 3233 quod
1123 3152 1192 3216 ideo
1208 3153 1336 3232 venerit,

243 3275 276 3331 ut
298 3267 398 3351 ignem
420 3267 451 3330 in
474 3275 569 3332 terras
593 3270 722 3334 mitteret
744 3277 775 3334 et
795 3275 898 3352 potum
925 3267 1090 3333 sitientibus
1122 3285 1217 3349 aquae
1249 3268 1336 3330 vivae

243 3383 432 3446 ministraret.
750 3378 754 3386 ’

334 3495 404 3560 107.
450 3497 553 3560 Heliae
575 3515 695 3579 quoque
718 3505 853 3578 tempore
876 3496 1031 3562 deseendit
1052 3489 1190 3580 ignis‚⁷)
1216 3491 1334 3577 quando

243 3611 420 3694 provocavit
440 3612 600 3693 propbetas
623 3615 765 3696 gentium,
788 3620 820 3676 ut
842 3614 934 3677 altare
957 3615 1021 3678 sine
1041 3615 1111 3698 igne
1127 3609 1334 3675 accenderent.

243 3721 280 3786 Et
302 3741 368 3786 cum
390 3723 430 3785 illi
451 3727 628 3806 nequissent
649 3725 766 3804 iacere,
796 3724 921 3790 bostiam
945 3745 1027 3790 suam
1050 3727 1138 3790 tertio
1166 3726 1232 3808 ipse
1260 3742 1335 3808 per·

244 3834 317 3899 ludit
346 3853 422 3917 aqua
452 3841 482 3900 et
510 3837 645 3901 manabat
670 3854 748 3918 aqua
775 3837 806 3900 in
837 3839 962 3904 circuilu
991 3840 1089 3906 altaris
1121 3846 1151 3906 et
1180 3839 1335 3904 enelamu-

315 4019 342 4085 1)
361 4018 418 4072 Aet.
437 4019 463 4086 2,
481 4019 498 4070 1
515 4037 586 4090 seqq.
639 4021 667 4087 2)
687 4020 710 4073 1.
723 4018 781 4074 Cor.
800 4019 826 4089 3,
847 4020 887 4075 13.
941 4019 1095 4091 atthila
1115 4021 1155 4075 15.
1209 4023 1238 4090 1)
1257 4020 1334 4074 Dent.

245 4107 279 4245 ⁴1¹ss
284 4106 342 4246 2138
362 4105 391 4175 5)
409 4106 518 4160 Hieram.
532 4108 558 4174 2,
573 4105 613 4161 13.
648 4109 677 4176 6)
694 4107 754 4162 Luc.
769 4109 812 4177 12,
825 4109 860 4162 19
872 4117 899 4163 et
912 4107 999 4162 launo.
1012 4108 1038 4175 7,
1051 4108 1085 4162 37
1098 4123 1152 4178 neq.
1189 4108 1218 4176 7)
1231 4106 1255 4162 3.
1267 4107 1333 4180 lleg.

280 4229 289 4260 ‚
343 4234 350 4247 .
