2976 4706
204 363 266 428 lue
652 357 678 410 a.
697 357 853 412 unnnosn

203 521 327 604 imperia
359 520 432 584 dura
454 519 537 584 ferre
564 535 625 583 non
654 525 790 600 possunt.
835 518 908 582 Levi
936 517 1189 584 adsentatiuncula
1218 521 1307 585 facile

203 635 377 718 cupiuntur;
410 632 435 696 si
457 631 671 714 perstrinxeris
694 631 790 695 uerbo
813 632 1043 713 inmurmurant,
1073 631 1229 713 deserunt,
1255 635 1305 696 in-

203 746 272 810 lesti
293 746 420 824 abeunt,
455 743 643 827 indignantes
666 743 857 824 relinquun13
889 745 1037 826 imperare
1059 745 1187 825 malunt,
1218 765 1305 826 quam

202 857 344 937 obedire,
368 858 454 938 quasi
476 856 627 920 obnoxios
649 856 816 936 beneficio,
843 855 997 920 subiectos
1020 857 1077 920 sibi
1099 857 1212 921 debere
1236 875 1305 922 esse

204 971 390 1050 existimant,
412 987 489 1050 quos
512 971 700 1051 praepositos
723 969 781 1032 sibi
804 969 916 1032 habere
939 969 1075 1033 debeant.

293 1080 364 1148 118.
409 1084 483 1157 Quis
514 1085 605 1167 igitur
628 1084 684 1147 sibi
715 1082 820 1146 fideles
852 1088 952 1164 putet,
988 1099 1064 1163 quos
1096 1081 1146 1144 vel
1179 1077 1306 1164 pecunia

203 1198 255 1261 vel
279 1195 448 1260 adulatione
477 1197 535 1260 sibi
566 1196 745 1278 obligandos
776 1195 961 1260 crediderit?
1005 1195 1080 1258 Nam
1103 1199 1134 1256 et
1155 1193 1223 1272 ille,
1256 1194 1307 1274 qui

203 1309 359 1392 pecuniam
382 1309 548 1389 acceperit,
570 1307 658 1371 vilem
679 1325 714 1372 se
736 1315 767 1371 et
789 1308 963 1389 despectum
985 1306 1111 1384 iudicat,
1135 1306 1192 1368 nisi
1214 1323 1307 1386 saepe

203 1422 372 1487 redimatur.
416 1420 519 1501 ltaque
541 1420 718 1502 frequenter
740 1426 896 1502 exspectat
917 1419 1044 1502 pretium
1066 1437 1171 1497 suum,
1194 1425 1225 1480 et
1246 1417 1306 1497 ille,

205 1533 256 1615 qui
280 1535 491 1600 obsecratione
513 1535 638 1598 ambitus
660 1533 797 1614 uidetur,
820 1534 884 1598 uult
905 1551 1025 1614 semper
1046 1531 1158 1614 rogari.

584 1758 757 1824 CAPUT
792 1757 919 1824 XXIV.

205 1927 283 1981 Bonis
307 1929 401 1982 artibus
431 1929 463 1980 ad
493 1929 604 1982 honores
629 1931 778 1997 nitendum,
807 1933 914 1982 maxime
943 1930 1149 1994 ecclesiasticos3
1187 1933 1306 2000 adeptum

205 2032 269 2069 vero
293 2033 383 2068 munus
407 2017 538 2070 moderate
556 2034 587 2069 ac
604 2019 736 2086 sapienter
760 2017 992 2069 administrandum.
1029 2017 1084 2070 Neo
1107 2018 1240 2070 inferiores
1262 2033 1307 2069 or·

205 2103 278 2158 dines
297 2104 418 2156 simulatis
442 2103 578 2158 virtutibus
606 2108 729 2174 episcopo
757 2105 904 2172 derogare,
932 2121 980 2158 nec
999 2107 1059 2156 item
1078 2107 1227 2173 episcopum
1246 2105 1307 2158 cleri

205 2191 319 2244 invidum
337 2206 395 2244 esse
413 2190 519 2257 debere,
538 2190 585 2244 sed
605 2191 697 2242 iustum
711 2191 737 2241 in
750 2189 865 2242 omnibus
884 2198 960 2258 atque
979 2191 1114 2258 comprimis
1126 2192 1152 2242 in
1164 2190 1307 2244 iudicando.

295 2329 367 2396 119.
411 2331 495 2414 Ergo
518 2332 606 2394 bonis
628 2329 742 2393 actibus
766 2335 796 2393 et
818 2331 939 2395 sincero
970 2332 1126 2414 proposito
1155 2330 1307 2394 nitendum

207 2445 246 2507 ad
266 2445 413 2509 honorem
437 2445 566 2508 arbitror
589 2450 619 2505 et
641 2445 768 2506 maxime
791 2445 1046 2523 ecclesiasticum,
1077 2450 1109 2505 ut
1131 2461 1230 2523 neque
1251 2461 1307 2505 re-

206 2555 312 2636 supina
343 2557 515 2638 arrogantia
545 2557 595 2619 vel
625 2555 750 2618 remissa
780 2557 974 2639 neglegentia
996 2557 1051 2634 sit,
1085 2573 1184 2636 neque
1213 2555 1308 2636 turpis

206 2664 383 2744 adfectatio,
410 2683 510 2748 neque
532 2665 675 2728 indecora
698 2666 829 2728 ambitio.
875 2664 924 2728 Ad
947 2668 1044 2731 omnia
1068 2668 1198 2733 abundat
1219 2668 1308 2730 animi

206 2778 321 2842 directa
343 2778 513 2860 simplicitas
536 2778 669 2858 satisque
692 2795 727 2840 sc
749 2779 815 2861 ipsa
836 2781 1033 2844 commendat

296 2888 366 2956 120.
410 2892 443 2954 ln
458 2893 525 2973 ipso
540 2908 614 2954 vero
630 2909 754 2954 munere
771 2909 871 2973 neque
895 2895 1089 2956 severitatem
1113 2911 1184 2957 esse
1206 2892 1307 2955 duram

206 3005 358 3083 convenit,
380 3021 439 3066 nec
461 3004 581 3068 nimiam
602 3005 819 3084 remissionem,
843 3023 882 3069 ne
898 3013 949 3069 aut
962 3011 1141 3088 potestatem
1162 3022 1308 3070 exercerc

206 3122 258 3179 aul
279 3123 451 3198 susceptum
473 3116 603 3180 oilioium
627 3137 815 3199 nequaquam
838 3118 953 3200 inplere
976 3117 1139 3181 videamur.

295 3226 367 3293 121.
412 3229 590 3294 Enitendum
612 3251 750 3314 quoque,
780 3241 812 3297 ut
832 3233 985 3297 beneficiis
1008 3239 1096 3314 atque
1119 3232 1226 3298 olliciis
1248 3231 1307 3295 ob-

206 3343 332 3425 ligemus
365 3344 507 3430 plurimos
537 3352 569 3408 et
597 3347 743 3410 conlatam
775 3363 966 3409 reseruemus
997 3347 1139 3430 gratiam,
1173 3363 1213 3408 ne
1243 3345 1309 3406 iure

206 3454 343 3517 beneficii
365 3455 435 3518 fiant
450 3455 640 3534 inmemores,
663 3457 714 3536 qui
730 3472 764 3517 se
780 3456 913 3537 graviter
933 3456 1034 3519 laesos
1057 3454 1167 3516 dolent.
1212 3453 1309 3536 Saepe

206 3567 285 3635 enim
306 3585 363 3630 usu
386 3569 483 3647 venit,
516 3574 549 3629 ut
579 3585 656 3649 quos
686 3567 782 3650 gratia
812 3566 925 3630 loveris
948 3569 999 3631 vel
1020 3568 1119 3648 aliquo
1151 3566 1309 3647 superiore

206 3681 406 3746 cumulaveris
437 3681 550 3763 gradu,
582 3687 721 3760 avertas,
754 3680 780 3742 si
810 3679 932 3763 indigne
958 3681 1087 3762 aliquem
1110 3680 1154 3744 eis
1176 3697 1310 3762 praepo-

205 3791 336 3856 nendum
366 3791 490 3856 iudices.
538 3791 598 3857 Sed
622 3800 652 3856 et
675 3792 863 3856 sacerdotem
892 3794 1047 3857 beneficiis
1070 3793 1133 3855 suis
1155 3792 1205 3855 vel
1229 3788 1309 3854 iudi-

206 3903 260 3968 ciis
283 3903 388 3968 favere
417 3903 573 3983 convenit,
606 3913 639 3968 ut
668 3905 848 3985 aequitatem
881 3905 1045 3986 custodiat,
1078 3910 1108 3966 et
1129 3905 1309 3987 presbytero

206 4015 256 4076 vel
278 4015 412 4078 ministro
437 4014 575 4094 deferre,
598 4024 629 4080 ut
652 4015 776 4098 parenti.

297 4123 367 4189 122.
412 4128 518 4208 Neque
541 4127 616 4208 bos,
646 4129 715 4209 quia
744 4130 838 4193 semel
866 4128 984 4210 probati
1013 4134 1099 4208 sunt,
1133 4134 1310 4212 arrogantes
