2894 4716
120 2777 126 2788 ·
237 2752 282 2806 Bc.
318 2753 413 2807 9-10.
433 2761 577 2813 ammoverit
594 2755 634 2808 W.
654 2757 746 2826 hiabep
764 2766 790 2810 et
808 2756 846 2810 Bb
866 2775 888 2811 e.
908 2759 948 2810 ed.
967 2755 1021 2810 Col.

243 411 309 480 354
660 409 915 466 nonornnonns

241 567 294 622 bae
312 578 338 622 et
356 570 398 623 ed.
419 567 491 638 Cot,
516 574 656 642 perimor&
680 571 758 624 habet
777 571 826 641 hig.
862 572 929 625 Dein
952 575 1090 645 oeppptr've
1114 587 1224 643 moxque
1249 577 1346 645 famen

242 659 371 729 exemptor
389 659 455 713 bied.

311 751 334 815 ς.
354 750 403 818 82,
423 749 447 800 1.
471 752 566 819 fotura
588 753 703 821 ρήιιιιιιιι
721 747 765 803 Ba.
808 749 834 803 ³.
860 761 917 806 toro
941 759 1012 804 reete
1029 750 1070 804 W.
1092 749 1137 803 bia.
1157 749 1212 803 Bhe
1230 759 1259 803 et
1278 752 1343 803 edd.

240 857 313 910 Rorn.
334 865 409 926 atque
429 853 510 921 Giib.‚
529 821 600 911 doro
622 858 651 922 (ii
669 855 701 908 ab
720 873 739 908 r.
760 873 791 908 ιιι.
811 857 951 924 superscr.)
970 855 1021 923 ba,
1040 862 1113 911 thoro
1132 857 1207 908 codd.
1228 866 1256 908 et
1277 858 1342 909 edd.

241 945 296 997 reii.
333 941 382 996 Pro
401 948 449 998 hae
468 941 503 995 Bo
521 962 571 998 ens.
615 943 639 996 9.
659 946 858 1013 Etsomrsivrn]
877 945 912 996 ita
935 947 993 1000 edd.
1014 954 1121 1013 excepte
1141 943 1212 1010 soi,
1240 947 1268 996 in
1289 963 1342 1014 qua

239 1033 332 1110 legitur
360 1044 384 1088 et
410 1035 568 1103 sompnium.
617 1031 695 1083 codd.
724 1030 757 1082 W
786 1042 811 1084 et
839 1033 953 1084 dionaeo.
985 1033 1106 1086 exhibent
1136 1043 1162 1086 ot
1191 1037 1341 1088 somnium.

239 1121 317 1175 4-3.
338 1121 369 1172 nb
390 1123 431 1173 ins.
450 1132 541 1192 postea
553 1118 593 1172 W.
623 1119 681 1172 Mox
698 1140 715 1175 a
732 1132 807 1176 vento
820 1120 852 1172 W
865 1130 891 1173 et
905 1122 1017 1174 Menace.
1050 1121 1151 1173 Rectius
1171 1129 1256 1171 tamen
1278 1121 1340 1172 edd.

238 1212 454 1280 praepositionem
478 1209 600 1260 omittunt.
637 1207 701 1261 Dein
727 1226 783 1261 cum
807 1209 864 1262 edd.
891 1207 947 1262 eoi.
972 1219 998 1263 et
1024 1209 1089 1261 hied.
1114 1208 1218 1260 codices
1245 1225 1339 1260 ornnes

238 1297 353 1350 scribunt
370 1301 496 1350 madidae.
531 1296 556 1347 2.
576 1297 607 1348 ab
626 1299 668 1348 im.
686 1301 808 1351 audivere
828 1299 901 1350 codd.
922 1306 948 1350 et
966 1299 1007 1352 ed.
1027 1298 1092 1364 eoi..
1111 1301 1245 1352 subiicere
1265 1297 1334 1366 vulg.

238 1387 264 1441 L.
279 1404 316 1456 sq.
336 1390 428 1456 apicus
445 1387 551 1462 steriles
565 1383 632 1437 Babo
651 1394 677 1436 et
696 1387 737 1438 ed.
751 1386 826 1452 nied..
846 1391 935 1455 apicas
952 1396 1084 1442 emineret
1100 1389 1208 1440 simler
1220 1384 1265 1435 cd.
1282 1382 1337 1437 Col.

467 1467 476 1493 Ι

238 1509 299 1561 Tuus
313 1513 506 1592 devoraverant
518 1507 568 1574 bid,
587 1511 773 1562 devoraverint
785 1505 816 1556 W
829 1515 854 1558 et
868 1509 946 1562 ceteri
959 1508 1081 1575 dionaeo,
1101 1512 1259 1563 devorarent
1274 1508 1342 1562 Boc.

308 1618 333 1680 ς.
353 1615 401 1678 83,
424 1614 445 1666 i.
470 1617 621 1682 sompnium
646 1612 685 1663 ed.
706 1611 762 1664 Coi.
808 1613 832 1664 3.
856 1617 912 1680 fetu
937 1612 973 1664 Bc
999 1623 1025 1666 et
1043 1613 1143 1683 hibcdig
1168 1631 1190 1666 o.
1216 1612 1258 1664 ed.
1280 1611 1339 1666 Col.

240 1702 264 1750 4.
278 1705 355 1769 ‘sciui
375 1698 427 1751 th
446 1708 473 1750 et
491 1700 573 1768 bicdg‚
593 1701 740 1768 quibuscum
759 1702 836 1754 etiam
857 1702 996 1754 coneordat
1014 1702 1142 1770 exemplar
1159 1700 1230 1765 Col.;
1252 1704 1339 1781 ceteri

238 1821 295 1872 libri
314 1823 401 1889 scripti
425 1830 450 1876 et
469 1824 531 1875 editi
550 1837 596 1890 pro
618 1823 725 1890 simplici
744 1843 758 1878 e
776 1823 840 1876 maie
859 1823 1042 1892 diphthongum
1060 1824 1162 1878 habent.
1204 1826 1283 1879 5-6.
1304 1785 1339 1895 pa

238 1923 262 1964 et
280 1916 343 1965 anni
360 1923 384 1967 et
402 1924 516 1983 ternpore
534 1911 581 1978 Bb,
599 1917 656 1968 dier
675 1917 739 1966 orriri
758 1921 894 1980 (commate
913 1928 964 1964 non
982 1914 1145 1980 interposito)
1165 1911 1288 1964 exhibent
1303 1913 1337 1962 W

239 2006 264 2048 et
283 1999 344 2051 edd.
362 2009 423 2052 vett.
444 2018 465 2052 o.
486 1999 584 2052 Errsnr.
605 2010 680 2070 atque
699 2000 801 2066 Piston,
820 2005 883 2054 mirri
902 2016 951 2052 om.
970 2000 1045 2052 codd.
1065 2001 1176 2053 Menace.
1215 1998 1282 2051 Dein
1302 1999 1335 2050 W

238 2086 329 2139 scribit
345 2090 482 2158 densiorem
500 2099 666 2157 praetereunt
684 2093 796 2144 raedam.
833 2088 866 2140 Et
884 2089 918 2141 ita
936 2091 1018 2166 primo
1037 2088 1171 2158 legebatur
1188 2088 1213 2140 in
1233 2087 1287 2154 tia,
1307 2089 1335 2138 in

238 2209 289 2262 quo
307 2209 328 2244 r.
348 2211 381 2246 m.
400 2194 469 2245 dedit
486 2161 517 2197 u
532 2196 671 2264 {luminum
685 2199 841 2250 -modvrn
874 2194 959 2247 Ceteri
976 2194 1089 2248 Monaoc.
1109 2195 1174 2246 hano
1192 2193 1333 2246 lectionem
1428 2225 1429 2262 1

229 2280 263 2330 in
288 2280 353 2333 ord..
369 2281 470 2334 habent.
506 2281 563 2335 Mox
588 2301 698 2338 currum
720 2299 758 2352 pr.
777 2283 818 2335 iit.
857 2286 881 2336 7.
904 2287 1000 2338 viores
1025 2282 1065 2334 W.
1091 2280 1144 2335 bbe
1168 2292 1193 2340 et
1220 2279 1334 2351 Mbcdig,

239 2368 331 2436 quibus
356 2370 540 2436 adstipulantur
565 2370 623 2420 edd.
649 2379 711 2422 vett.
737 2387 759 2422 c.
782 2369 879 2422 Erasm.
904 2379 929 2423 et
947 2370 1040 2423 Pistor.
1076 2369 1114 2423 Ex
1132 2374 1228 2426 vberae
1246 2372 1272 2422 in
1293 2371 1334 2422 hia
1427 2423 1428 2450 p

238 2464 338 2508 enatum
358 2466 396 2508 est
416 2462 548 2526 obertate,
578 2459 644 2528 quod
663 2459 738 2512 offert
756 2461 831 2512 etiarn
851 2459 919 2512 tie..
937 2459 990 2512 Neo
1013 2452 1087 2512 aliter
1111 2456 1202 2526 legitur
1226 2459 1251 2508 in
1272 2458 1333 2511 edd.
1427 2469 1428 2534 ι

238 2575 306 2629 Cost.
326 2587 353 2630 et
367 2578 439 2632 horn.
472 2579 582 2632 Tandem
601 2585 692 2637 vteris
711 2591 876 2635 correxerunt
889 2582 1002 2635 Mancini.
1038 2581 1063 2634 8.
1082 2529 1190 2651 frhbhrtb'r
1207 2581 1336 2650 (farturae

236 2681 291 2719 ar.
310 2683 343 2718 m.
363 2670 504 2736 superent.)
523 2668 569 2720 bh.
606 2670 630 2722 9.
649 2687 680 2723 ae
698 2673 855 2738 infecundos
874 2671 942 2744 idem
961 2670 1034 2722 iiber.
1072 2668 1135 2721 Turn
1155 2673 1336 2740 adsumptum

254 2975 268 3006 a
306 2866 718 2970 §.81¹‚1—2-ru0‘ir2'r20
745 2898 1014 2984 marginata«,
1042 2902 1273 2970 qvodinipaam
1305 2931 1335 2942 -
1411 2963 1416 2974 ¹

235 3023 368 3104 deseendit
386 3021 435 3086 hie,
455 3026 522 3090 qvod
539 3027 568 3077 in
585 3028 725 3094 iprum-
744 3027 863 3078 uremdit
882 3024 961 3076 ceteri
979 3023 1108 3088 biennem
1129 3025 1236 3092 inipso
1254 3023 1290 3074 W
1311 3033 1337 3076 et

234 3124 278 3178 Ba.
315 3129 340 3177 4.
360 3146 472 3197 qnorum
491 3127 528 3180 W.
550 3129 625 3181 bieei.
646 3129 707 3184 bob.
744 3129 809 3183 Dein
829 3134 939 3184 niteram
958 3129 999 3181 hie
1017 3138 1097 3197 etpr.
1118 3127 1165 3180 iia.
1208 3127 1233 3179 5.
1254 3144 1334 3182 evan-

233 3225 333 3270 meaioe
351 3215 399 3281 W,
426 3218 486 3267 item
505 3232 519 3266 a
538 3233 569 3267 nr.
589 3231 627 3284 pr.
647 3215 702 3281 tta,
728 3234 759 3269 ex
778 3218 939 3269 correctione
959 3224 1042 3268 autern
1064 3223 1230 3270 commeatur.
1269 3213 1334 3266 Tum

234 3306 317 3358 aliero
336 3323 400 3373 qvae
416 3304 447 3354 W
469 3314 494 3356 et
512 3304 564 3357 Bac
583 3320 639 3356 oum
659 3304 717 3356 edd.
732 3303 787 3356 Col.
806 3314 884 3373 atque
899 3303 963 3356 tted.
1001 3302 1028 3355 ln
1047 3302 1086 3355 ita
1105 3320 1178 3372 qvae,
1196 3309 1224 3353 ut
1244 3317 1283 3368 pr.
1299 3317 1333 3353 ιιι.

233 3396 385 3460 scripserat,
411 3411 464 3448 ar.
483 3402 603 3446 mutatum
630 3401 668 3446 est
691 3395 716 3444 in
741 3412 808 3462 qva,
835 3392 902 3462 quod
926 3394 951 3444 in
976 3393 1067 3444 veteris
1092 3407 1194 3462 quoque
1213 3389 1332 3442 Monaee.

232 3486 325 3550 reperi.
367 3481 488 3534 Omittunt
513 3500 561 3553 qus
586 3481 624 3534 Bb
651 3492 676 3534 et
702 3481 759 3533 edd.
787 3481 889 3534 Amerb.
917 3478 1014 3532 Erasin.
1042 3479 1110 3532 Cost.
1137 3476 1228 3531 Pistor.
1256 3476 1332 3530 Rom.

234 3573 256 3622 7.
276 3575 386 3635 rettulit,
406 3570 472 3638 quod
492 3587 542 3623 non
562 3571 688 3639 displicet,
710 3570 839 3638 exemptor
857 3570 923 3621 Med.
958 3569 997 3620 De
1018 3584 1066 3638 qua
1085 3569 1207 3636 scriptura
1226 3568 1278 3618 dini
1298 3568 1332 3618 ed
1423 3607 1424 3620 .

233 3656 251 3708 i.
272 3658 313 3709 12.
341 3661 365 3722 S.
384 3659 427 3724 44,
451 3660 524 3711 1-2,
562 3659 619 3714 iiior
635 3664 723 3729 [umen
743 3659 772 3710 W
792 3658 953 3726 conspirante
973 3658 1014 3709 ed.
1033 3657 1099 3708 died.
1141 3655 1166 3708 8.
1185 3659 1253 3726 qvod
1272 3670 1332 3707 curn

233 3747 322 3798 eadem
342 3747 383 3798 ed.
404 3747 477 3800 codd.
498 3747 551 3800 Bab
572 3757 597 3800 et
616 3747 709 3799 hibcdi.
747 3746 784 3800 lte
803 3764 840 3814 pr.
860 3748 936 3798 etiam
956 3747 1011 3812 bis,
1031 3762 1062 3798 ex
1080 3760 1146 3797 corr.
1165 3751 1249 3795 iernen
1268 3763 1330 3812 pua.

302 3838 325 3900 ς.
344 3835 387 3899 85,
410 3837 432 3887 1.
457 3839 555 3890 divitur
580 3856 596 3889 a
618 3845 694 3907 parre
713 3833 758 3887 ιιι.
796 3832 858 3885 rum
881 3819 1115 3904 perimpium
1133 3850 1207 3886 mm
1226 3833 1327 3896 cinips,

230 3925 303 3990 iiiive
320 3941 396 3977 merie
415 3923 480 3990 (hiat
497 3923 538 3975 bio
556 3941 647 3994 magna
665 3923 755 3975 lacuna
775 3939 806 3974 ex
824 3937 909 3974 rasura
930 3921 1030 3990 exorta]
1049 3923 1207 3990 ampliatur,
1226 3919 1330 3972 aeiotee

230 4016 303 4079 fitius
321 4029 407 4079 mesia,
427 4017 501 4082 filine
519 4031 595 4066 meve
614 4015 805 4066 adoiieeeriiior
816 4009 847 4060 W
849 4037 1065 4075 -----
1083 4011 1155 4076 filivs
1174 4008 1328 4074 arrepticius,

230 4102 331 4152 eetoiee
349 4103 423 4167 {iiiuc
441 4115 525 4160 meon,
545 4102 579 4168 fit.
598 4117 631 4150 m.
651 4101 764 4152 adolere.
784 4096 842 4148 iibri
860 4096 973 4147 Monere.
994 4103 1020 4148 et
1035 4092 1080 4146 Bb.
1112 4093 1162 4144 Sed
1181 4090 1252 4142 bibet
1268 4098 1330 4142 ante

232 4197 256 4233 r.
281 4188 381 4238 zelotes
407 4201 457 4235 non
483 4187 644 4252 distinguunt.
687 4175 776 4239 Fidius
802 4202 876 4238 meus
902 4187 1016 4254 amptius
1040 4185 1133 4252 ioseph
1155 4183 1228 4250 filiae
1252 4196 1330 4233 meve

232 4273 350 4339 amptius
367 4275 466 4326 setores
485 4275 557 4341 {ttius
575 4289 651 4326 meve
669 4275 862 4328 adolescentior
877 4273 932 4325 sine
950 4271 1002 4323 nlla
1020 4270 1188 4324 distinctionis
1206 4275 1267 4321 nota
1285 4267 1330 4321 ed.
