2976 4706
199 325 265 388 200
649 321 674 373 s.
693 319 847 374 xrruxosu

197 481 428 562 multitudinem,
451 481 607 564 exquisitis
631 481 725 564 copiis
749 481 922 548 adornatum
946 483 1131 563 convivium,
1161 483 1191 546 in
1214 500 1290 565 pro-

195 601 303 677 spectu
335 593 522 659 coenantium
551 599 620 656 ante
648 593 783 658 hortulos
817 594 990 676 conpositos
1022 593 1209 676 piscatores,
1241 595 1292 656 ubi

198 725 356 787 numquam
370 715 439 770 ante
455 704 602 768 iaciebant
622 705 713 769 retia:
735 706 940 788 unusquisque
963 706 1043 787 quod
1067 713 1197 789 ceperat,
1219 725 1292 768 oer-

195 819 275 882 tatim
292 819 438 882 offerebat
460 818 665 902 epulantibus:
688 837 779 900 supra
801 836 932 882 mensam
950 818 1050 900 pisces
1069 819 1291 904 ingerebantur,

196 931 363 994 resilientes
395 931 501 995 oculos
532 930 766 994 recumbentium
797 931 1005 994 verberabant
1047 903 1149 996 Mirari
1180 931 1292 1014 hospes

196 1051 304 1108 tantam
334 1045 450 1126 copiam
478 1044 603 1125 piscium
625 1050 796 1125 lentumque
823 1061 981 1108 numerum
1002 1045 1184 1128 cymbarum.
1227 1043 1291 1106 Re-

194 1175 336 1238 sponsum
366 1157 520 1238 quaerenti
541 1157 729 1239 aquationem
751 1156 811 1220 illio
833 1175 919 1236 esse,
953 1155 1047 1219 dulcis
1077 1175 1173 1238 aquae
1198 1157 1291 1238 gratia

195 1271 424 1334 innumerabiles
454 1289 492 1334 eo
524 1271 624 1352 pisces
661 1271 833 1334 convenire.
890 1269 967 1344 Ouid
1004 1270 1120 1333 multa?
1168 1271 1293 1334 Pellexit

194 1383 357 1465 hospitem,
380 1389 412 1445 ut
432 1383 489 1446 sibi
512 1389 707 1466 extorqueret
728 1383 851 1449 hortos:
875 1382 1009 1448 vendere
1033 1383 1139 1446 volens
1162 1384 1291 1466 cogitur,

196 1497 324 1580 prelium
346 1505 488 1580 grauatus
510 1498 642 1580 suscipit.
683 1527 687 1535 ·

285 1608 334 1672 72.
380 1609 521 1689 Sequenti
555 1607 602 1672 die
629 1607 794 1670 adbertus
826 1614 943 1689 emptor
972 1625 1038 1670 oum
1068 1608 1171 1670 amicis
1200 1609 1292 1698 uenit,

196 1723 345 1806 navigium
366 1721 476 1784 nullum
499 1721 620 1784 invertit.
664 1720 862 1798 Percontanti,
885 1739 954 1783 num
971 1721 1070 1802 aliqua
1091 1721 1289 1804 piscatoribus

195 1854 234 1898 eo
265 1841 347 1898 esset
375 1835 423 1897 die
453 1833 593 1896 feriarum
619 1834 819 1912 sollemnitas,
850 1835 1069 1915 respondetur:
1098 1835 1203 1914 Nulla,
1234 1853 1292 1898 nec

195 1967 332 2030 umquam
356 1948 416 2011 illic
437 1954 558 2029 praeter
589 1947 759 2010 hesternum
789 1945 866 2008 diem
897 1946 1006 2028 piscari
1035 1947 1151 2010 solitos.
1196 1946 1292 2023 Quam

195 2061 243 2124 lrio
265 2059 468 2144 redarguendi
490 2058 614 2122 haberet
636 2060 840 2122 auctoritatem
863 2058 939 2138 dol,
974 2059 1025 2140 qui
1047 2065 1104 2122 tam
1128 2066 1215 2142 turpe
1237 2078 1292 2122 ca-

195 2175 284 2256 ptarit
305 2175 462 2254 aucupium
482 2174 678 2237 deliciarum?
724 2175 780 2247 Qui
803 2175 880 2235 eninr
903 2174 1026 2236 alterum
1049 2176 1161 2256 peccati
1184 2166 1291 2258 arguit,

195 2290 260 2370 ipse
276 2307 293 2348 a
308 2294 432 2370 peccato
451 2287 539 2352 debet
558 2287 671 2349 alienus
692 2303 770 2348 esse.
815 2287 882 2348 Non
906 2305 980 2370 ergo
1004 2287 1172 2350 huiusmodi
1194 2306 1291 2370 nugas

196 2419 255 2484 ego
270 2401 300 2461 in
316 2401 391 2460 banc
412 2400 632 2463 ecclesiasticae
655 2401 805 2462 censionis
828 2401 1032 2462 auctoritatem
1055 2403 1188 2482 vocabo,
1212 2419 1290 2482 quae

196 2513 376 2597 generaliter
395 2513 572 2576 condemnat
589 2532 705 2576 omnem
719 2513 794 2575 lucri
812 2515 904 2595 turpis
927 2516 1124 2596 appetentiam
1146 2517 1290 2596 brevique

197 2627 342 2689 sermonis
366 2625 534 2706 conpendio
557 2626 687 2688 excludit
707 2627 855 2690 levitatem
878 2646 914 2690 ac
936 2630 1105 2691 versutiam.

283 2737 333 2804 73.
377 2739 452 2802 Nam
481 2739 520 2801 de
547 2739 597 2804 illo
629 2739 698 2820 quid
727 2740 851 2820 loquar,
884 2741 933 2822 qui
965 2740 1003 2803 de
1030 2761 1067 2804 eo
1100 2747 1288 2822 testamento,

195 2853 276 2934 quod
298 2852 335 2915 ab
365 2853 429 2916 aliis
457 2854 528 2915 licet
555 2853 678 2932 iactum,
709 2853 814 2916 falsum
844 2861 942 2916 tamen
972 2856 1166 2938 cognoverit,
1195 2856 1290 2918 horc-

196 2968 314 3030 ditatem
346 2967 403 3030 sibi
433 2973 483 3029 aut
511 2967 641 3050 legatum
669 2967 800 3029 vindicet
830 2974 860 3030 et
890 2968 1004 3031 lucrum
1037 2976 1160 3049 quaerat
1192 2969 1288 3032 alieno

195 3080 335 3172 erimine„
359 3098 424 3142 cum
446 3081 533 3142 etiam
555 3081 641 3163 leges
663 3081 800 3162 publicae
823 3101 907 3162 curn,
931 3083 981 3162 qui
1003 3083 1102 3145 sciens
1125 3082 1201 3146 falso
1225 3083 1288 3146 uti-

194 3201 257 3275 tur,
286 3200 434 3274 tamquam
457 3212 540 3256 reum
563 3192 705 3256 facinoris
728 3194 937 3278 adstringant?
980 3194 1094 3278 Regula
1117 3204 1215 3258 autern
1236 3197 1288 3259 iu-

195 3309 291 3371 stitiae
315 3308 467 3371 manifesta
491 3314 553 3388 est,
577 3308 658 3389 quod
677 3326 784 3371 avaro
809 3309 960 3372 declinare
980 3310 1077 3372 virum
1099 3328 1161 3373 non
1184 3308 1289 3374 deceat

194 3423 319 3501 bonurn,
352 3439 408 3484 nec
436 3421 543 3485 damno
569 3423 677 3487 iniusto
700 3421 822 3484 allicere
843 3441 1035 3504 quemquam,
1066 3441 1123 3487 nec
1145 3423 1206 3488 doli
1229 3423 1287 3486 ali-

195 3536 265 3616 quid
288 3535 448 3599 adnectere
470 3535 622 3600 iraudisve
646 3553 827 3618 conponere.

282 3646 331 3712 ut.
377 3650 453 3724 Quid
484 3650 649 3714 evidentius
674 3668 711 3714 eo
735 3649 816 3732 quod
837 3648 986 3729 Ananias,
1006 3646 1035 3735 ¹)
1068 3651 1118 3731 qui
1140 3650 1287 3714 fraudavit

195 3761 351 3846 depretia
373 3765 438 3847 agri
459 3765 524 3843 sui,
555 3783 645 3845 quem
674 3765 740 3848 ipse
762 3763 937 3827 vendiderat
958 3772 987 3826 et
1009 3765 1176 3846 portionem
1198 3767 1286 3847 pretii

194 3885 341 3958 tamquam
370 3895 501 3940 summae
530 3881 620 3942 totius
650 3898 803 3943 numerum
824 3885 893 3944 ante
914 3878 1008 3960 pedes
1030 3880 1130 3960 posuit
1159 3885 1285 3962 aposto-

195 4029 401 4042 u—--u-——u

266 4117 293 4182 1)
311 4117 365 4171 Act.
385 4119 411 4187 5,
431 4119 444 4170 1
463 4135 535 4189 scqq.
