2932 4700
582 347 607 404 s.
626 347 790 404 auonosn
1193 354 1234 422 η

133 508 176 574 de
200 509 308 574 baculo
330 527 447 590 nuceo,
470 509 521 592 qrri
542 527 561 576 a
582 511 727 594 propheta
745 511 893 576 Hieremia
916 511 998 576 uisus
1021 529 1092 578 esse
1116 511 1234 580 descri-

132 622 226 686 hitur.
247 620 278 707 ¹)

230 734 282 800 24.
326 739 383 801 Per
415 733 494 800 idem
528 742 642 820 tempus
677 755 766 802 causa
800 737 1075 804 Thessalonicensis
1109 739 1234 804 civitatis

15 869 16 884 ¹
133 869 199 914 uon
232 851 349 914 minima
379 852 526 915 successit
555 852 705 916 tribulatio
735 853 903 934 sacerdoti,
938 872 1003 917 cum
1034 872 1129 936 paene
1156 871 1233 918 con-

135 966 271 1049 perisset
300 965 450 1028 civitatem
481 964 624 1042 deletam3
655 967 832 1048 promiserat
854 969 931 1031 enim
956 968 996 1032 illi
1018 969 1178 1049 imperator
1199 987 1234 1034 so

134 1080 256 1143 venum
280 1079 414 1142 daturum
436 1079 551 1142 civibus
573 1098 663 1163 supra
693 1081 790 1144 dictae
821 1081 963 1162 civitatis,
993 1083 1047 1148 sed
1077 1084 1234 1167 agentibus

136 1195 296 1258 comitibus
321 1194 438 1258 occulte
461 1213 527 1257 cum
550 1196 746 1276 imperatore,
775 1197 934 1279 ignorante
956 1198 1115 1264 sacerdote
1137 1217 1234 1281 usque

136 1310 167 1372 in
191 1309 295 1372 horam
327 1309 441 1372 tertiam
473 1310 573 1393 gladio
604 1313 709 1375 civitas
732 1317 779 1375 eat
801 1312 908 1376 donata
931 1321 1021 1396 atque
1044 1316 1161 1399 plurimi
1183 1316 1234 1378 in-

136 1425 278 1506 terempti
315 1425 501 1488 innocentes.
552 1426 639 1501 Quod
678 1427 785 1491 lactum
819 1428 869 1491 ubi
903 1430 1045 1513 cognovit
1080 1429 1234 1509 sacerdos,

137 1539 255 1620 copiam
283 1539 455 1620 imperatori
480 1539 668 1622 ingrediendi
691 1542 848 1606 ecclesiam
872 1541 1049 1625 denegavit,
1073 1563 1129 1606 nec
1151 1545 1233 1627 prius

138 1652 261 1734 dignum
296 1652 436 1717 iudicavit
471 1659 559 1717 coetu
596 1655 744 1720 ecclesiae
777 1656 825 1719 vel
860 1662 1112 1720 sacramentorum
1146 1675 1233 1720 com·

15 1805 16 1814 κ
136 1766 297 1846 munione,
330 1785 418 1846 quam
441 1767 588 1848 publicam
611 1776 716 1852 ageret
738 1771 955 1851 paenitentiam.
998 1772 1050 1836 Cui
1073 1771 1233 1852 imperator

138 1888 243 1944 contra
274 1881 433 1970 adserehat
454 1881 549 1944 David
578 1883 752 1948 adulterium
780 1885 866 1948 simul
889 1892 919 1948 et
942 1884 1130 1949 homicidium
1157 1904 1234 1967 per-

136 2001 285 2077 petrasse.
298 1993 330 2079 ¹²)
375 1994 435 2059 Sed
457 2013 634 2078 responsum
656 1998 724 2060 ilico
744 2004 805 2061 est:
834 1998 895 2073 Oui
916 2008 1039 2064 secutos
1063 2018 1096 2062 cs
1119 2017 1232 2061 moa·

137 2119 214 2188 terra,
247 2130 376 2192 sequere
404 2112 617 2192 corrigentem.
662 2113 749 2187 Quod
774 2115 824 2177 ubi
847 2114 959 2179 audivit
985 2113 1233 2176 clementissimus

135 2225 318 2305 imperator,
349 2225 387 2288 ita
408 2228 541 2307 suscepit
562 2228 677 2305 animo,
709 2235 741 2290 ul
765 2227 909 2308 publicam
939 2225 1147 2307 paenitentiam
1169 2241 1232 2288 non

136 2339 332 2418 abhorreret,
364 2339 447 2402 cuius
471 2341 668 2404 correctionis
690 2340 844 2423 proiectus
874 2339 1033 2404 secundam
1055 2338 1096 2404 illi
1118 2338 1233 2420 paravit

15 2507 17 2532 ,
136 2453 301 2517 victoriaco.

15 2535 17 2566 Ι
224 2565 275 2630 25.
320 2567 378 2630 Per
409 2567 488 2630 idern
520 2576 634 2653 tempus
665 2569 725 2632 duo
757 2569 951 2652 potentissimi
974 2575 1005 2630 ct
1026 2566 1232 2651 sapientissimi

135 2681 197 2744 viri
219 2681 376 2747 Persarum
399 2682 437 2746 ad
460 2682 564 2745 famam
595 2683 760 2747 sacerdotis
788 2701 900 2748 venere
922 2681 1120 2746 Mediolanum
1143 2680 1233 2743 deie-

135 2801 239 2859 rentes
270 2813 372 2859 secum
403 2795 545 2878 plurimas
572 2798 781 2879 quaestiones,
811 2804 843 2861 ut
865 2816 904 2860 ox
926 2797 971 2859 his
993 2795 1156 2878 probarent
1177 2813 1232 2859 sa·

135 2910 274 2992 pientiam
297 2909 371 2990 viri,
401 2928 469 2973 cuna
497 2929 557 2992 quo
580 2912 617 2974 ab
640 2912 715 2975 hora
746 2910 805 2973 diei
836 2912 928 2992 prima
957 2911 1106 2990 usquein
1129 2908 1232 2973 horam

136 3020 252 3084 tertiam
269 3023 365 3084 noctis
380 3041 436 3104 per
451 3024 645 3105 interpretem
664 3023 891 3105 disputaverunt
912 3021 1149 3104 admirantesque
1166 3021 1231 3086 dis·-

136 3140 294 3198 cesserunt
320 3136 356 3198 ab
386 3153 433 3199 co.
477 3137 514 3199 Et
536 3145 568 3201 ut
589 3156 625 3200 se
635 3137 811 3240 probarent
840 3154 901 3199 non
930 3137 969 3200 oh
998 3135 1082 3198 aliam
1112 3155 1231 3200 causam

135 3249 276 3327 venisse,
298 3249 354 3311 nisi
377 3256 409 3312 ut
432 3256 515 3312 certo
538 3251 649 3314 certius
671 3257 795 3314 nossent
817 3250 929 3329 virum,
954 3267 1041 3330 quem
1062 3247 1137 3314 lama
1153 3267 1231 3312 con-

135 3368 297 3444 pererant,
332 3362 387 3425 alia
419 3362 466 3425 die
494 3362 705 3429 valefacientes
736 3365 907 3446 imperatori
937 3360 1066 3445 proiecti
1094 3369 1163 3426 sunt
1193 3361 1231 3426 ad

135 3473 240 3538 urbem
264 3474 404 3552 Romanu,
437 3475 497 3536 illic
525 3476 661 3539 volentes
694 3493 883 3559 cognoscere
908 3477 1070 3558 potentiam
1099 3475 1230 3538 inlustris

136 3589 194 3651 viri
216 3588 321 3669 Probi,
345 3606 403 3668 qua
427 3589 546 3670 cognita
568 3586 604 3650 ad
626 3589 746 3669 propria
769 3595 948 3651 remearunt.

224 3699 274 3766 26.
320 3701 380 3767 Sed
412 3719 539 3784 egresso
564 3701 736 3765 Theodosio
760 3701 797 3764 de
820 3702 901 3765 ltalia
924 3707 955 3764 et
976 3699 1230 3782 Constantinopoli

137 3815 316 3894 constituto,
351 3815 556 3880 Valentiniano
585 3815 724 3899 Augusto
752 3818 828 3879 intra
851 3815 958 3878 Gallias
988 3815 1086 3897 posito
1117 3813 1233 3878 directa

135 3929 246 4013 legatio
271 3936 318 3994 est
341 3929 396 3993 sub
418 3931 539 3994 nominc
572 3937 693 3996 senatus
718 3950 735 3994 a
758 3929 952 4013 Symmacho,
981 3935 1051 3993 tunc
1076 3927 1229 4010 praefecto

206 4180 237 4252 1)
255 4179 364 4237 Hieram.
384 4181 409 4251 1,
430 4179 472 4236 11.
542 4181 572 4253 b)
590 4181 615 4238 2.
632 4181 696 4254 Rog.
719 4177 762 4235 11.
