2976 4706
272 377 315 444 98
717 376 742 430 S.
762 373 916 430 tubnosu

272 543 317 600 est
339 536 473 616 animus,
504 537 674 618 exercende
696 555 799 617 mens,
833 536 1006 602 stabilienda
1030 536 1067 601 ad
1091 540 1305 619 constantiam,
1334 543 1367 603 ut

270 651 359 716 nullis
380 653 550 734 perturbari
572 653 686 716 animus
708 653 805 734 possit
828 653 1010 732 terroribus,
1036 652 1124 717 nullis
1148 652 1246 739 frangi
1268 652 1366 718 mole-

271 767 351 847 stiis,
373 765 461 830 nullis
483 766 634 848 suppliciis
655 765 773 828 cedere.
820 765 903 838 Quae
930 764 1048 828 difficile
1070 767 1189 847 quidem
1210 768 1365 832 sustinen-

270 889 335 961 tur;
359 882 413 945 sed
430 882 498 962 quia
514 882 611 944 omnia
629 880 771 962 supplicia
787 881 959 963 graviorum
975 882 1185 965 suppliciorum
1207 882 1366 945 vincuntur

269 996 435 1076 formidine,
458 995 537 1075 ideo,
561 997 587 1060 si
609 995 734 1060 consilio
758 994 858 1058 tlrmcs
881 996 1009 1060 animum
1031 1001 1124 1078 mum,
1144 996 1365 1060 recuratione

268 1095 480 1176 discedendum
505 1117 591 1192 putes
615 1116 644 1174 et
666 1127 817 1192 proponas
840 1109 933 1174 diuini
955 1110 1055 1176 iudicii
1080 1118 1206 1192 metum,
1230 1109 1363 1194 perpetui

268 1226 404 1308 supplicii
427 1231 591 1303 tormenta,
617 1231 703 1307 potes
728 1223 816 1287 animi
838 1224 939 1288 subire
961 1225 1155 1290 tolerantiam.

360 1339 429 1406 189.
474 1340 539 1403 lloc
561 1339 651 1422 igitur
674 1338 846 1422 diligentiae
869 1346 924 1419 est,
948 1347 980 1402 ut
1002 1341 1069 1420 quis
1091 1340 1130 1404 ita
1150 1357 1185 1404 se
1207 1347 1364 1422 ccuparet3

267 1456 339 1521 illud
371 1455 503 1538 ingenii,
536 1454 562 1516 si
591 1453 658 1533 quis
687 1457 786 1534 potest
817 1453 924 1534 vigore
954 1454 1061 1516 mentis
1087 1453 1265 1535 praevidere
1287 1471 1364 1536 qaae

267 1570 364 1634 lutura
388 1576 458 1634 sunt
481 1575 511 1631 ct
532 1573 679 1648 tamquam
701 1571 769 1629 ente
796 1568 901 1630 oculos
923 1568 1044 1647 locare,
1071 1568 1142 1649 qud
1163 1569 1258 1651 possit
1279 1571 1363 1634 acci-

267 1684 340 1749 dcre
360 1681 477 1764 etquid
499 1700 591 1766 agere
615 1680 736 1760 debeat,
758 1682 783 1745 si
807 1682 845 1745 ita
869 1682 1027 1761 acciderit,
1051 1682 1192 1761 definire3
1215 1684 1362 1748 interdum

268 1797 327 1862 duo
351 1804 380 1860 et
402 1797 457 1860 tria
484 1796 570 1858 simul
603 1793 727 1858 volvere
757 1795 872 1874 animo,
903 1813 980 1877 quae
1010 1796 1137 1862 coniciet
1167 1805 1217 1862 aut
1245 1797 1363 1880 singula

266 1920 317 1977 aut
347 1911 506 1977 coniuncta
536 1908 674 1972 accidere
705 1924 796 1988 posse
826 1913 855 1970 et
884 1913 934 1971 aut
963 1908 1087 1991 singulis
1118 1916 1169 1973 aut
1197 1909 1361 1976 connects

266 2025 427 2109 disponere
449 2028 549 2102 actus,
572 2039 648 2103 quos
671 2021 823 2105 intellegat
844 2023 1027 2104 profuturos,

355 2137 425 2204 190.
469 2137 566 2202 Fortis
593 2153 669 2218 ergo
692 2140 740 2200 est
764 2136 903 2199 vinnon
926 2135 1128 2216 dissimulare,
1163 2156 1231 2202 cum
1251 2137 1360 2219 aliqrrtd

264 2255 432 2333 immineat,
462 2249 516 2316 sed
541 2248 739 2332 praetendere
762 2257 792 2312 et
815 2257 961 2331 tamquam
985 2251 1144 2332 explorare
1174 2251 1212 2316 de
1239 2252 1360 2336 specula

265 2367 390 2449 quadam
420 2367 526 2432 mentis
550 2371 580 2426 ct
602 2366 725 2428 obviare
757 2365 939 2447 cogitatione
969 2365 1094 2447 provida
1124 2366 1216 2432 rebus
1242 2364 1359 2445 futuris
1478 2423 1479 2438 ,

265 2501 302 2547 nc
326 2482 405 2547 forte
427 2480 505 2544 dicat
534 2485 658 2561 postea:
690 2478 761 2542 Ideo
793 2479 847 2542 ista
871 2479 977 2558 incidi,
1009 2481 1076 2562 quia
1106 2497 1168 2544 non
1197 2480 1360 2545 arbitrabar

264 2613 355 2676 posse
378 2594 509 2658 evenire.
555 2591 691 2672 Denique
714 2593 771 2654 nisi
794 2593 990 2674 explorentur
1011 2592 1157 2674 adversa,
1180 2594 1239 2658 cito
1262 2611 1359 2663 occu-

264 2715 341 2791 pant.
386 2707 475 2771 Utin
497 2704 577 2768 bello
605 2705 774 2785 inprovisus
803 2705 898 2770 hostis
921 2707 972 2770 vix
994 2707 1155 2772 sustinetur
1185 2714 1232 2786 et,
1261 2707 1287 2770 si
1309 2706 1360 2770 in-

264 2832 384 2906 paratos
407 2821 556 2898 inveniat‚
579 2817 666 2882 facile
689 2820 842 2900 opprimit,
867 2820 905 2882 ita
928 2822 1057 2890 animum
1078 2823 1152 2888 mala
1173 2820 1360 2904 inexplorata

264 2937 330 3020 plus
354 2935 502 3020 frangunt.

354 3046 425 3116 191.
469 3049 502 3114 ln
524 3048 568 3110 his
591 3047 682 3131 igitur
705 3046 822 3112 duobus
845 3048 895 3110 illa
918 3056 965 3112 est
987 3039 1084 3112 animi'
1101 3048 1296 3128 excellentia,
1327 3055 1360 3112 ut

262 3167 388 3250 primurn
420 3165 534 3228 animus
567 3167 634 3226 tuus
667 3164 754 3226 bonis
793 3165 942 3228 exercitus
981 3163 1211 3248 cogitationibus
1248 3159 1358 3230 mundo
1470 3177 1471 3180 ’

264 3280 357 3346 corde
386 3277 466 3363 quod
495 3297 599 3342 verum
631 3286 662 3343 et
695 3279 852 3342 honesturn
889 3285 935 3343 est
967 3278 1065 3343 videat
1095 3278 1196 3353 (beati
1212 3273 1244 3362 ¹)
1281 3276 1359 3338 onim

263 3394 378 3458 muodo
410 3395 521 3472 corde,
552 3393 628 3472 quio
656 3392 718 3471 ipsi
749 3393 844 3454 etiam
874 3393 963 3462 deum
985 3391 1178 3471 ¹cidebuotj,
1201 3393 1297 3473 {atque
1318 3388 1359 3468 id,
1467 3469 1468 3472 Ἴ

264 3508 343 3592 quod
367 3509 523 3572 honestum
546 3512 610 3585 est,
634 3503 729 3569 solum
753 3507 863 3570 bonum
886 3506 1013 3588 iudicet,
1046 3506 1153 3572 deinde
1175 3505 1262 3571 nullis
1284 3522 1360 3588 per·
1467 3495 1468 3514 1

263 3625 400 3715 turbetur
424 3620 686 3704 occupationibus,
709 3620 799 3683 nullis
822 3621 1029 3704 cupiditatibus
1051 3621 1182 3685 duotuet.

355 3735 423 3802 192.
468 3737 573 3817 Neque
603 3734 729 3799 veroid
753 3734 1018 3818 facilequisquam
1049 3734 1127 3798 lacit.
1173 3731 1250 3809 outd
1281 3731 1359 3797 enim

264 3859 322 3915 tem
346 3851 481 3930 difficile,
512 3867 598 3931 quam
622 3848 770 3929 dispicere
794 3854 940 3931 umqum
963 3867 1002 3915 ex
1025 3867 1095 3914 arce
1115 3847 1213 3930 aliqua
1233 3846 1359 3928 sapien·
1461 3847 1464 3878 ⁴

264 3966 322 4028 tiae
345 3983 419 4048 opes
444 3965 560 4045 aliaque
590 3961 706 4042 omnia,
740 3979 818 4042 quac
849 3963 1001 4045 plerisque
1030 3963 1170 4028 videntur
1198 3966 1360 4047 magnast

270 4116 475 4126 u-——u——n-

337 4205 365 4274 1)
382 4203 470 4257 uuae.
487 4204 514 4271 5,
533 4201 558 4255 e,
