2976 4706
426 357 472 413 DE
494 355 632 414 ombus
650 356 873 412 tttnIStttontttt
893 357 990 411 traua
1006 357 1038 412 11.
1214 361 1273 427 151

264 517 317 584 83.
361 520 427 586 lloe
457 521 602 584 somnium
626 523 665 584 ita
689 519 805 603 aperuit
833 527 954 586 sauctus
976 520 1101 604 losepb,
1134 540 1171 588 eo
1195 519 1276 602 quod

177 641 293 715 septem
314 635 461 699 iuvencae
482 641 598 716 septem
617 633 685 696 anni
704 632 812 712 forent,
832 639 862 696 et
880 640 995 716 septem
1017 636 1119 717 spicae
1141 635 1277 700 similiter

176 750 291 826 septem
318 745 387 808 anni
419 743 533 824 forent,
565 763 604 806 ex
627 744 687 807 ietu
711 750 740 806 et
763 743 862 808 fructu
892 746 1101 826 interpretatus
1130 755 1274 830 tempora.

176 857 265 921 Fetus
289 858 368 920 enim
389 857 535 919 iuvencae
558 872 666 918 annum
690 854 827 936 exprimit
843 861 872 917 et
893 855 1007 920 ductus
1028 859 1142 940 segetis
1166 877 1275 922 annum

176 976 361 1034 consummat
383 971 541 1050 integrum.
579 968 661 1041 Quae
680 966 750 1031 ideo
770 967 973 1032 ascendebant
988 970 1026 1033 de
1040 970 1171 1052 llumiue,
1194 971 1275 1053 quod

170 1080 258 1160 dies,
293 1083 361 1144 anni
384 1098 420 1145 ac
442 1087 577 1163 tempora
606 1080 756 1144 fluminum
786 1088 978 1162 praetereunt
999 1081 1089 1147 modo
1112 1091 1142 1146 et
1165 1085 1274 1150 cursim

174 1193 321 1258 labuntur.
365 1193 471 1256 Annos
500 1195 598 1274 itaque
628 1198 742 1274 septem
768 1194 886 1273 priores
913 1195 1014 1259 uberis
1037 1201 1137 1260 terrac
1159 1196 1273 1262 fertiles

175 1321 211 1368 ae
233 1305 378 1370 fecundos
403 1305 534 1370 declarat
566 1306 700 1384 futuros3
732 1307 919 1388 posteriores
942 1315 1039 1373 autem
1061 1310 1136 1374 alios
1159 1317 1273 1392 septem

175 1437 271 1484 annos
294 1420 411 1483 steriles
435 1429 524 1502 atque
546 1419 741 1499 infecundos,
771 1437 898 1501 quorum
920 1423 1060 1486 sterilitas
1083 1424 1273 1504 absumptura

175 1531 254 1596 foret
281 1534 446 1596 ubertatem
477 1531 675 1612 superiorum.
721 1531 785 1604 Oua
815 1533 910 1614 gnatia
940 1534 1182 1615 prospiciendum
1215 1534 1272 1598 ad-

174 1647 303 1726 monuit,
336 1655 368 1710 ut
396 1645 586 1709 uberioribus
620 1644 705 1708 annis
736 1651 976 1727 congregaretur
1008 1647 1170 1710 subsidium
1204 1646 1273 1710 fru-
1338 1619 1341 1624 Ι

174 1761 364 1838 mentatium,
395 1757 475 1840 quod
504 1765 674 1821 sustentare
706 1766 811 1840 posset
838 1761 967 1841 inopiam
990 1758 1109 1823 futurae
1131 1759 1272 1823 infecun-

173 1872 281 1934 ditatis.
830 1879 831 1887 ’

262 1982 313 2048 84.
359 1983 436 2058 uuio
459 1985 583 2066 primum
607 1985 723 2048 mirer?
767 1985 937 2068 Ingenium,
960 2003 1021 2065 quo
1044 1987 1074 2048 in
1097 1987 1193 2067 ipsum
1214 2004 1271 2048 ve-

172 2099 266 2162 ritatis
299 2096 453 2161 descendit
484 2098 597 2176 cubile,
630 2115 667 2160 an
696 2098 869 2176 consilium,
904 2115 965 2177 quo
989 2105 1048 2160 tarn
1070 2099 1157 2181 gravi
1181 2105 1271 2178 atque

172 2211 328 2274 diuturnae
351 2211 507 2293 prospexit
529 2209 718 2288 necessitati,
751 2228 788 2271 au
811 2207 991 2290 vigilantiam
1010 2215 1098 2289 atque
1121 2209 1270 2287 iustitiam,

172 2342 296 2404 quarm
327 2323 419 2386 altera
453 2321 583 2403 inposito
620 2321 676 2382 sibi
710 2326 791 2384 tanto
827 2337 950 2384 munere
983 2321 1179 2404 congregavit
1211 2327 1270 2382 tam

170 2436 346 2518 multiplices
377 2440 561 2497 commeatus
584 2431 737 2512 alteraque
767 2430 971 2512 aequalitatem
994 2449 1048 2512 per
1072 2449 1176 2494 omnes
1200 2449 1270 2494 ser-

170 2549 277 2612 vavit?
321 2548 395 2610 Nam
419 2547 457 2610 de
479 2546 718 2628 magnanimitate
741 2542 811 2624 quid
832 2544 955 2624 loquar,
987 2543 1066 2624 quod
1093 2544 1231 2607 venditus
1253 2543 1275 2607 a'

170 2660 311 2724 fratribus
334 2661 364 2722 iu
387 2662 560 2722 servitutem
591 2676 652 2722 non
682 2657 780 2720 retulit
812 2657 962 2736 iniuriam,
994 2655 1049 2719 sed
1080 2655 1187 2719 tamem
1213 2655 1271 2719 de·
1341 2701 1345 2709 .

169 2773 268 2855 pulit?
314 2771 391 2846 Ouid
415 2771 453 2834 de
475 2773 637 2851 suavitate,
668 2748 848 2852 quadilecti
872 2769 970 2832 iratris
1001 2770 1199 2851 praesentiam
1223 2769 1271 2849 pia

170 2884 276 2947 fraude
306 2885 470 2967 quaesivit,
503 2901 591 2964 quem
622 2882 759 2946 simulato
790 2901 845 2963 per
868 2881 1045 2965 elegantiam
1075 2880 1154 2943 furto
1185 2897 1269 2942 reum

169 2999 270 3061 statuit
292 2998 432 3078 rapinae,
455 3004 485 3060 nt
508 2996 643 3061 obsidem
666 3002 783 3059 teneret
804 2995 944 3078 gratiae?
962 2992 992 3077 ¹)
1019 3008 1024 3017 ‘

256 3107 308 3174 85.
353 3110 438 3173 Unde
460 3111 566 3172 merito
590 3110 617 3171 ei
639 3127 656 3172 a
675 3115 759 3190 patre
782 3106 904 3170 dicitur:
922 3104 954 3188 ²]
976 3107 1077 3170 Filius
1101 3106 1269 3186 ampliatus

168 3243 254 3286 mene
276 3223 399 3303 Ioseph,
422 3223 506 3303 {iiius
530 3224 698 3301 ampliatos
719 3241 804 3283 mens
826 3222 952 3298 zelotes,
973 3223 1059 3300 filins
1082 3238 1165 3280 mene
1187 3219 1268 3278 ndn-

168 3337 342 3399 iescentior.
387 3335 521 3398 Adiuvit
541 3343 569 3397 te
588 3337 666 3396 dens
690 3353 774 3396 mens
790 3340 820 3395 et
834 3333 996 3395 benedicit
1011 3339 1039 3394 te
1055 3330 1269 3392 benedictione

61 3480 64 3484 ·
168 3451 248 3513 coeli
272 3470 292 3512 υ
314 3469 431 3512 summo
454 3458 483 3512 et
505 3451 718 3512 benedictione
741 3456 845 3511 terroe
867 3448 1011 3510 lubentia
1034 3447 1156 3520 omnic,
1186 3461 1267 3522 pro-

165 3570 237 3640 pter
268 3561 499 3624 benedictiones
525 3563 631 3642 petris
660 3550 705 3626 tui
734 3571 764 3624 et
790 3561 907 3625 matris.
962 3559 1146 3622 Praevaluit
1175 3575 1269 3637 super

168 3673 401 3738 benedictiones
418 3678 567 3738 montium
588 3679 776 3740 monentium
791 3685 821 3737 et
835 3675 995 3738 desiderio
1018 3673 1142 3735 collium
1165 3679 1267 3732 ceter-

167 3805 286 3849 nornnt.
331 3787 368 3849 Et
402 3790 431 3850 in
461 3788 714 3851 Deuteronomio:
732 3784 764 3870 3)
801 3787 860 3862 Oui
886 3788 974 3849 ciens
1004 3794 1066 3861 est,
1096 3784 1205 3864 inquit,
1234 3783 1268 3843 in

167 3898 266 3977 rubo,
298 3901 405 3963 oenict
434 3919 530 3980 snper
558 3909 652 3982 capnt
673 3901 785 3979 losepb
809 3905 839 3960 et
859 3917 954 3978 snper
984 3898 1130 3959 certicern
1155 3895 1266 3973 ipsius.

240 4140 268 4206 1)
289 4139 378 4194 Genea.
397 4141 441 4207 44,
461 4139 477 4193 2
494 4155 565 4211 seqq.
619 4140 649 4210 2)
667 4139 729 4193 lbid.
749 4139 792 4205 49,
811 4139 845 4191 22
865 4155 919 4208 seq.
972 4138 1000 4205 3)
1019 4137 1093 4190 Dent.
1109 4135 1151 4204 33,
1166 4137 1197 4190 16
1211 4153 1265 4206 seq.
