2932 4700
400 339 447 393 tttt
466 337 603 396 armeus
621 339 845 398 tttbtstttotttttt
861 340 957 396 trama
974 341 993 399 1.
1196 343 1240 412 4'1

147 508 228 586 gret,
252 502 283 566 in
306 502 499 568 amaritudine
521 505 635 568 animae
659 523 732 569 suae
753 505 843 568 vitam
865 506 958 587 exigit
973 512 1003 570 et
1017 505 1147 570 ultimum
1163 505 1241 569 diem

146 616 274 698 claudit,
306 617 377 680 nihil
401 635 503 683 seeum
526 637 649 699 eorum,
681 639 757 702 quae
790 619 924 702 epulatus
953 619 1059 701 fuerit,
1093 621 1165 684 boni
1186 639 1241 684 re-

147 731 271 812 serens,
295 734 367 796 nihil
390 751 492 798 secum
516 733 676 814 auferens,
699 735 755 798 nisi
778 735 872 815 pretia
896 735 1043 799 scelerum
1066 753 1196 799 suorum.

234 845 286 912 45.
328 848 411 912 Haeo
440 851 576 933 cogitans
607 867 703 933 nega,
737 851 763 913 si
792 856 897 933 potes,
933 850 1024 914 divini
1046 868 1116 914 esse
1143 851 1242 914 iudicii

145 963 426 1027 remunerationem.
472 965 522 1027 llle
548 982 604 1028 suo
628 963 736 1027 affectu
758 965 878 1044 beatus,
905 965 951 1027 bie
975 966 1079 1042 misen
1115 964 1163 1028 ille
1186 981 1242 1028 suo

145 1076 258 1140 iudicio
280 1077 452 1156 absolutus,
475 1076 523 1140 bie
545 1095 635 1155 reus3
663 1077 713 1140 ille
736 1078 766 1140 in
789 1079 869 1140 exitu
891 1078 1002 1158 laetus,
1025 1079 1072 1141 bic
1095 1094 1243 1141 maerens.

148 1189 205 1254 Cui
236 1191 350 1254 absolvi
383 1196 500 1272 potest,
536 1193 586 1272 qui
609 1209 666 1254 nee
689 1191 744 1254 sibi
767 1191 912 1254 innocens
936 1192 1005 1256 est?
1049 1191 1159 1270 Dicite,
1192 1191 1241 1254 in-

147 1305 230 1386 quit,
251 1301 279 1389 ¹)
302 1305 387 1384 mibi,
411 1305 460 1367 ubi
476 1312 522 1368 est
536 1306 684 1387 protectio
707 1305 964 1369 tabernaculorum
989 1306 1076 1370 eius?
1121 1305 1244 1389 Signum

148 1420 214 1482 eius
244 1438 304 1483 non
334 1420 511 1482 invenietur.
563 1419 627 1482 Vita
661 1421 769 1482 etenim
802 1419 979 1498 facinorosi,
1021 1427 1054 1482 ut
1087 1421 1243 1484 somnium.

148 1532 275 1615 Aperuit
297 1533 412 1611 oculos,
438 1533 573 1597 transivit
595 1534 716 1614 requies
740 1535 814 1616 eius,
842 1537 961 1598 evanuit
984 1534 1151 1614 delectatio,
1174 1535 1244 1597 licet

148 1644 213 1726 ipsa
236 1663 313 1726 quae
344 1643 480 1722 videtur,
514 1646 601 1707 etiam
631 1645 699 1707 dum
729 1647 847 1726 vivunt,
878 1647 1033 1729 impiorum
1062 1649 1182 1730 requies
1214 1648 1245 1711 in

147 1757 265 1822 inferno
288 1760 327 1822 sit
333 1780 342 1836 ;
365 1759 502 1823 viventes
525 1762 603 1824 enim
626 1762 654 1823 in
678 1760 794 1824 inferna
817 1760 1009 1826 descendunt.

238 1869 288 1938 46.
334 1871 425 1935 Vides
449 1875 618 1936 convivium
640 1877 825 1956 peccatoris,
856 1875 1008 1959 interroga
1032 1879 1245 1941 conscientiam

150 1991 223 2054 eius.
260 1989 369 2052 Nonne
389 1991 511 2072 gravius
528 1991 663 2054 omnibus
687 1990 780 2056 foetet
802 1992 993 2073 sepulchris?
1029 1991 1155 2054 Intueris
1178 1991 1245 2054 lae·

151 2104 242 2167 titiam
277 2103 341 2166 eius
379 2110 409 2166 et
441 2102 641 2165 salubritatem
675 2103 790 2166 miraris
825 2103 961 2184 corporis
994 2103 1120 2165 tiliorum
1156 2108 1244 2183 atque
1271 2115 1273 2120 ·

150 2236 241 2299 opum
275 2215 498 2292 abundantiam;
529 2216 690 2295 introspice
723 2215 823 2277 ulcera
847 2222 877 2278 et
898 2214 1010 2278 vibices
1042 2216 1157 2278 animae
1180 2217 1244 2278 eius

150 2336 182 2393 et
204 2329 304 2393 cordis
336 2328 578 2392 moestitudinem.
623 2327 696 2388 Nam
728 2326 765 2390 de
788 2328 894 2408 opibus
924 2327 994 2409 quid
1024 2329 1149 2410 loquar,
1180 2347 1245 2392 cum

149 2444 278 2527 legeris:
295 2439 327 2526 ²)
354 2443 436 2519 Ouio
457 2462 520 2506 non
538 2443 570 2503 io
586 2440 782 2505 abundantia
804 2450 849 2504 eat
869 2443 937 2504 aito
959 2443 1044 2519 eiua,
1069 2461 1134 2508 cum
1157 2443 1244 2523 scias,

151 2560 229 2638 quia,
253 2559 308 2620 etsi
330 2557 381 2619 tibi
405 2557 539 2620 videatur
562 2556 656 2634 dives,
679 2556 736 2620 sibi
758 2575 871 2639 pauper
886 2564 934 2619 est
955 2563 985 2620 et
1003 2563 1083 2619 tuum
1107 2557 1246 2620 iudicium

152 2688 207 2735 suo
230 2669 372 2734 refellat?
416 2669 461 2731 De
484 2667 667 2732 multitudine
690 2687 811 2750 quoque
833 2669 958 2732 tiliorum
980 2670 1063 2733 etde
1085 2669 1247 2734 indolentia

151 2784 222 2866 quid
244 2783 368 2864 loquar,
401 2801 466 2845 cum
491 2798 525 2843 se
548 2781 613 2861 ipse
635 2781 734 2862 lugeat
758 2788 789 2843 et
813 2781 879 2844 sine
902 2780 1015 2844 herede
1043 2780 1173 2844 futurum
1196 2783 1246 2845 iu·-

153 2895 246 2975 dicet‚
270 2914 337 2958 cum
359 2893 521 2956 imitatores
544 2893 590 2954 sui
612 2909 807 2955 successores
827 2908 899 2956 suos
923 2911 992 2956 esse
1015 2893 1116 2956 nolit?
1160 2895 1247 2959 Nulla

152 3011 229 3072 enim
261 3007 410 3073 hereditas
435 3007 611 3088 peccatoris.
656 3004 737 3089 Ergo
762 3006 867 3086 impius
891 3005 956 3087 ipse
978 3006 1034 3068 sibi
1061 3025 1159 3089 poena
1191 3017 1246 3089 est,

133 3123 245 3198 =iustus
268 3127 365 3185 autem
387 3121 452 3202 ipse
474 3118 530 3182 sibi
552 3119 663 3203 gratia,
687 3126 717 3181 et
740 3120 857 3201 utrique
873 3126 923 3183 aut
937 3120 1085 3184 bonorum
1106 3129 1156 3185 aut
1179 3142 1246 3188 ma-

150 3237 247 3300 lorum
271 3254 393 3318 operum
417 3250 533 3296 merces
557 3252 597 3296 cx
620 3251 654 3296 se
677 3234 743 3315 ipso
767 3234 898 3297 solvitur.

549 3414 719 3481 CAPUT
753 3415 845 3481 XIII.

152 3579 310 3638 Italellnntur
335 3581 544 3652 pbilosophorum
570 3581 720 3649 opiniones,
749 3583 790 3650 qui
809 3582 858 3634 deo
876 3581 918 3636 vel
936 3582 1021 3634 mundi
1040 3583 1115 3636 totius
1133 3583 1175 3636 val
1194 3583 1244 3636 ali-

399 3671 471 3724 cuius
490 3686 521 3722 ex
540 3671 594 3723 eius
612 3670 723 3739 partibus
748 3685 832 3722 curam
852 3669 1002 3723 abiudicant.

239 3814 291 3880 47.
335 3815 394 3882 Sed
416 3821 602 3879 revertamur
631 3813 667 3878 ad
697 3815 897 3896 propositum,
930 3832 969 3877 ne
998 3813 1173 3878 divisionem
1196 3816 1245 3881 ia·

153 3937 230 3994 ctam
252 3931 433 4012 praetensae
454 3928 626 4008 videamur,
656 3929 725 4009 quin
754 3926 938 3991 occumimus
966 3928 1099 4010 opinioni
1129 3948 1244 4013 eorum,

228 4167 257 4237 ι)
274 4168 328 4226 ru.
348 4168 392 4236 ar,
410 4168 453 4223 aa
523 4167 627 4239 aiala.
646 4168 689 4237 ra,
707 4169 748 4222 1⁵.
