2932 4700
571 265 598 375 b.
616 315 779 374 tutuostt
1179 320 1222 388 25

129 497 234 546 secum
259 479 378 563 terens,
411 487 444 547 ut
471 481 502 544 in
524 481 634 544 virtute
657 496 746 543 escae
768 480 864 544 anima
885 475 1029 544 refectior
1050 477 1225 563 angelorum

128 613 213 658 nunc
228 596 392 676 consortio,
415 614 540 678 quorum
556 595 645 658 vitam
660 593 734 656 vixit
749 594 778 659 in
797 593 895 676 terris,
919 599 949 656 et
963 593 1065 656 Heliae
1082 593 1225 656 societate

127 708 268 789 laetetur,
292 709 360 791 quia
383 716 414 772 ut
428 709 528 772 Helias
550 725 708 789 numquam
731 709 854 792 regibus
871 708 921 772 vel
935 707 1003 772 ullis
1018 709 1224 790 potestatibus»,

129 822 172 886 ita
196 829 227 884 et
248 823 304 886 iste
326 841 383 905 pro
406 823 455 886 dei
477 824 583 886 timore
605 822 686 903 loqui
711 822 824 885 veritus
848 840 908 887 non
931 827 985 886 est.

221 931 273 1000 aa.
319 935 417 1018 Atque
440 935 508 1000 iude
531 937 567 999 ad
592 935 748 1000 ecclesiam
771 937 912 1001 maiorem
939 936 1112 1000 antelucana
1142 933 1225 1013 bora,

23 1051 24 1062 ¹
130 1069 191 1132 qua
215 1049 371 1115 defunctos
394 1057 457 1130 cst,
490 1067 600 1132 corpus
623 1049 715 1132 ipsius
742 1055 889 1132 portatum
918 1057 964 1112 est
993 1048 1092 1130 ibique
1123 1047 1227 1110 eadem

130 1163 188 1226 fuit
209 1171 314 1242 nocte,
345 1183 403 1246 qua
425 1165 611 1248 vigilavimus
634 1167 666 1228 in
688 1165 814 1248 pascha:
847 1183 935 1246 quero
957 1164 1073 1245 plurimi
1096 1162 1226 1226 infantes

131 1277 281 1358 baptizati,
303 1297 369 1340 curn
392 1278 514 1343 alonte
537 1281 683 1358 venirent,
706 1279 859 1360 viderunt,
883 1279 923 1340 ita
945 1285 979 1340 ut
1002 1276 1090 1358 aliqui
1112 1275 1227 1340 seden-

131 1396 194 1452 tem
215 1392 244 1453 in
269 1392 410 1455 cathedra
433 1395 462 1456 in
486 1393 622 1456 tribunali
652 1393 801 1472 dicerent,
833 1392 883 1455 alii
912 1409 986 1455 vero
1018 1388 1227 1454 ascendentem

132 1504 197 1568 suis
220 1506 391 1586 parentibus
414 1504 507 1588 digito
531 1505 735 1585 ostenderent,
758 1503 812 1568 sed
834 1505 875 1568 illi
897 1503 1032 1568 videntes
1048 1505 1152 1568 videre
1167 1520 1229 1568 nou

132 1623 281 1699 poterant,
304 1620 372 1700 quia
394 1627 450 1682 tam
474 1620 598 1684 mundos
615 1621 719 1685 oculos
733 1638 795 1684 non
810 1620 976 1696 habebant;
999 1619 1115 1701 plurimi
1130 1625 1229 1682 autem

23 1725 24 1734 ’
132 1727 249 1790 stellam
272 1747 362 1812 supra
385 1749 495 1813 corpus
519 1732 584 1795 eius
606 1751 640 1795 se
657 1733 761 1794 videre
776 1733 942 1796 narrabant.
981 1731 1041 1798 Sed
1055 1733 1229 1797 lucescente

135 1841 183 1903 die
207 1842 372 1924 dominico,
404 1864 470 1908 cum
493 1865 603 1928 corpus
626 1847 718 1928 ipsius
741 1847 868 1928 peractis
896 1847 1089 1910 sacramentis
1121 1845 1229 1910 divinis

135 1955 173 2018 de
205 1958 331 2021 ecclesia
364 1959 517 2024 levaretur
545 1961 722 2043 portandum
753 1960 790 2024 ad
820 1961 969 2024 basilicam
994 1960 1230 2040 Ambrosianam‚

134 2070 165 2132 in
188 2089 244 2152 qua
268 2074 383 2154 positus
408 2081 471 2154 est,
497 2076 537 2138 ita
559 2076 599 2138 ibi
622 2075 798 2138 daemonum
822 2075 925 2138 turbae
948 2074 1111 2137 clamabant
1134 2091 1168 2136 se
1193 2073 1229 2135 ab

136 2185 185 2248 illo
215 2189 367 2268 torqueri,
401 2196 433 2251 ut
463 2190 589 2254 eiulatus
618 2191 736 2253 illorum
766 2189 838 2251 lerri
868 2206 930 2252 non
961 2193 1093 2268 possent
1131 2189 1231 2278 'Quae

136 2300 230 2382 gratia
253 2302 416 2364 sacerdotis
439 2322 499 2366 non
523 2304 618 2367 solum
641 2305 671 2366 in
693 2304 743 2367 illo
766 2303 845 2382 loco,
868 2321 972 2365 verum
996 2301 1082 2363 etiam
1106 2303 1135 2363 in
1159 2302 1230 2383 plu-

136 2415 217 2476 rimis
248 2415 409 2496 provinciis
439 2433 534 2497 usque
564 2417 594 2478 in
622 2415 799 2480 hodiernum
828 2421 941 2492 manet3
976 2416 1122 2478 iactabant
1144 2416 1231 2478 etiam

137 2529 240 2590 turbae
271 2530 404 2592 virorum
433 2549 468 2593 ac
498 2531 652 2595 mulierum
684 2533 781 2596 oraria
810 2530 858 2593 vel
886 2531 1066 2594 semicinctia
1093 2549 1165 2611 sua,
1200 2538 1231 2594 ut

138 2659 247 2722 corpus
277 2643 371 2706 sancti
398 2643 582 2724 aliquatenus
605 2645 641 2707 ab
664 2645 736 2727 ipsis
755 2631 993 2728 contingeretur.
1038 2644 1130 2710 Erant
1153 2645 1231 2708 enim

137 2756 345 2837 exsequiarum
378 2758 482 2820 turbae
511 2757 740 2821 innumerabiles
772 2758 859 2820 totius
894 2757 1045 2840 dignitatis
1079 2760 1230 2840 totiusque

137 2887 229 2933 sexus
261 2873 450 2952 omniumque
481 2890 577 2953 paene
609 2879 734 2934 aetatum
766 2890 827 2936 nou
859 2872 956 2935 solum
987 2871 1230 2954 Christianorum,

137 2983 190 3046 sed
213 3003 413 3067 paganorum3
436 2987 548 3048 maiore
572 2993 668 3049 tamen
690 2986 784 3070 gratia
810 2985 885 3049 ordo
900 2985 1100 3068 praecedebat
1116 3005 1230 3068 eorum,

137 3097 186 3178 qui
210 3098 328 3162 luerent
349 3100 496 3182 baptizati.

224 3212 274 3279 ta.
319 3214 429 3278 Eadem
453 3223 560 3296 tamen,
587 3235 645 3297 qua
668 3217 749 3297 obiit,
773 3215 821 3278 die
844 3212 939 3300 (sicut
962 3223 1062 3279 textus
1086 3216 1229 3299 epistulae

136 3327 276 3409 loquitur,
300 3347 378 3408 quae
401 3348 418 3390 a
441 3346 619 3392 successore
641 3330 743 3412 ipsius,
766 3328 929 3392 venerabili
945 3330 1010 3393 viro
1027 3329 1229 3412 Simpliciano,

137 3450 276 3524 suscepta
300 3450 364 3522 est,
399 3444 435 3506 de
458 3447 590 3527 partibus
613 3443 743 3508 Orientis
766 3444 802 3506 ad
832 3445 926 3526 ipsum
957 3452 1103 3526 tamquam
1134 3443 1230 3507 adhuc

137 3556 292 3620 nobiscum
317 3557 465 3619 viventem
488 3557 608 3636 directa,
632 3577 709 3638 quae
725 3575 804 3620 nunc
819 3575 915 3639 usque
931 3557 1090 3622 Mediolani
1105 3558 1230 3622 habetur

137 3668 168 3730 in
189 3669 408 3756 monasterio),
440 3673 613 3754 quibusdam
639 3674 711 3736 viris
741 3674 850 3737 sanctis
879 3673 1015 3755 adparuit
1045 3691 1135 3736 orans
1165 3692 1231 3736 cum

136 3784 195 3846 illis
218 3791 247 3846 et
269 3787 415 3868 inponens
439 3788 494 3850 illis
516 3805 637 3865 manus;
668 3788 756 3851 habet
779 3786 855 3850 enim
878 3786 955 3850 diem
980 3788 1121 3870 epistula,
1153 3806 1231 3868 quae

139 3898 251 3962 directa
282 3908 347 3963 est:
382 3919 440 3983 qua
471 3899 546 3962 lecta
576 3900 741 3964 invenimus
772 3900 850 3962 diem
880 3916 966 3980 esse,
1002 3918 1062 3980 quo
1092 3900 1143 3963 ille
1174 3898 1232 3963 de·

138 4013 257 4078 iunctus
282 4022 336 4077 est.

229 4127 278 4200 50.
324 4127 401 4193 lotra
417 4127 552 4192 Tusciam
576 4128 662 4192 etiarn
684 4128 713 4190 in
736 4128 855 4192 civitate
876 4128 1058 4207 Florentino,
1080 4127 1131 4190 ubi
1151 4145 1232 4194 nunc
