2980 4700
217 354 265 421 90
666 351 692 408 S.
710 349 866 411 anaaosu

216 514 345 581 volantis
367 531 402 578 se
424 516 527 598 magis,
550 533 637 598 quam
660 516 801 598 sapientis
826 516 930 580 credat
952 517 1088 598 oonsilio,
1110 525 1142 582 ut
1164 517 1268 598 David,
1283 516 1314 603 ¹)

217 647 283 690 cum
305 634 387 691 esset
415 626 609 708 prudentior,
640 627 781 692 lonatbae
810 618 908 692 tamen
940 629 1065 692 iunioris
1095 631 1228 695 consiliis
1258 631 1314 695 ad-

217 741 395 822 quiescebat.
441 740 524 804 Tolle
555 759 595 802 ex
621 757 678 804 usu
707 741 857 804 bominum
886 741 1135 822 benivolentiam,
1168 750 1315 824 tamquam

216 854 312 916 solem
335 872 352 916 e
375 855 484 917 mundo
507 854 628 933 tuleris,
660 855 700 916 ita
723 857 795 934 erit,
828 855 897 936 quia
919 855 985 918 sine
1009 873 1045 918 ea
1067 871 1144 920 usus
1164 855 1315 919 bominum

217 983 287 1030 esse
316 984 377 1030 non
399 971 514 1048 potest,
545 974 577 1030 ul
605 969 809 1050 peregrinanti
841 975 1009 1032 monstrare
1041 968 1136 1049 viam,
1168 986 1316 1033 revocare

217 1085 380 1157 errantem,
407 1078 527 1142 deterre
549 1079 707 1161 hospitium
731 1076 812 1164 (non
836 1081 926 1164 igitur
948 1080 1108 1144 mediocris
1131 1083 1245 1162 virtus,
1277 1081 1315 1144 de

217 1210 275 1272 qua
297 1192 353 1253 sibi
375 1191 533 1272 plaudebat
554 1189 606 1253 lob
631 1191 732 1253 dicens
749 1188 799 1274 ²):
827 1192 922 1254 Foris
946 1201 1048 1254 autem
1069 1183 1133 1255 aaa
1154 1192 1318 1256 habitabat

216 1305 349 1383 hospes,
380 1305 478 1367 ianua
499 1323 568 1365 mco
591 1305 673 1366 omui
694 1305 831 1366 caniculi
849 1304 1014 1382 patebat),
1046 1323 1153 1386 aquam
1176 1304 1214 1368 de
1237 1323 1315 1387 aqua

216 1416 376 1499 profluenti
398 1416 479 1495 dare,
502 1416 601 1478 lumen
624 1416 794 1480 delumine
818 1417 994 1482 accendere.
1033 1418 1237 1482 Benivolentia
1252 1421 1313 1482 ita-

217 1549 276 1611 que
299 1530 329 1592 in
351 1530 396 1592 bis
418 1535 464 1592 est
480 1529 615 1592 omnibus
633 1537 779 1610 tamquam
797 1530 864 1592 lons
879 1548 975 1610 aquae
991 1531 1128 1594 reficiens
1145 1532 1314 1610 sitientem3

216 1649 363 1724 tamquam
391 1643 505 1724 lumen,
537 1643 618 1724 quod
648 1645 735 1706 etiam
765 1645 793 1706 in
825 1645 889 1705 aliis
919 1645 1033 1724 luceat,
1066 1662 1124 1708 nec
1155 1644 1197 1708 illi
1228 1646 1314 1726 desit,

218 1756 268 1836 qui
291 1754 329 1818 de
352 1771 408 1818 suo
430 1754 539 1818 lumine
561 1755 609 1817 alii
632 1755 730 1817 lumen
753 1755 932 1818 accenderit.
1108 1737 1110 1742 ⁵
1248 1839 1249 1842 Ἴ

308 1865 377 1932 168.
421 1867 474 1930 Est
496 1869 584 1930 etiam
606 1868 655 1930 illa
677 1869 898 1931 benivolentiae
920 1869 1161 1949 liberalitas,'ut,
1185 1870 1211 1934 si
1233 1869 1315 1951 quod

216 1981 310 2044 babes
334 1981 474 2044 debitoris
498 1982 739 2064 chirographum,
764 1982 904 2046 scindens
928 1983 1078 2062 restituas,
1101 1981 1173 2045 nibil
1192 2001 1208 2045 a
1225 1982 1314 2046 debi-

217 2102 284 2158 tore
305 2101 486 2158 conseoutus
510 2094 609 2157 debiti.
655 2092 742 2169 Quod
766 2095 904 2176 exemplo
927 2095 974 2157 sui
998 2093 1099 2157 lacere
1122 2111 1177 2158 nos
1202 2094 1314 2158 debere

216 2205 268 2270 lob
291 2212 412 2270 sanatus
431 2207 582 2270 admonet.
599 2203 632 2289 3)
678 2207 752 2268 Nam
775 2207 826 2286 qui
848 2207 953 2286 habet,
983 2223 1044 2270 nou
1066 2211 1231 2284 mutuatum
1264 2208 1313 2288 qui

216 2337 278 2382 non
301 2319 399 2399 habet,
422 2337 484 2382 non
505 2315 610 2383 liberal
631 2321 839 2404 syngrapham.
878 2320 954 2394 Quid
977 2321 1075 2402 igitur,
1099 2320 1186 2383 etiam
1203 2321 1233 2388 si,
1248 2322 1314 2404 ipse

217 2449 278 2494 nou
301 2433 406 2516 exigas
429 2450 554 2514 avarus,
577 2435 721 2498 malivolis
744 2433 905 2496 heredibus
927 2449 1087 2512 reservas,
1118 2451 1204 2514 quam
1226 2439 1313 2515 potes

218 2561 285 2606 cum
316 2544 535 2607 benivolentiae
564 2553 634 2609 tuae
661 2545 750 2609 laude
779 2545 844 2607 sine
873 2543 981 2606 damno
1012 2543 1157 2624 pecuniae
1185 2561 1313 2624 reprae-

218 2656 391 2720 sentarei‘

308 2765 377 2834 169.
423 2769 537 2852 Atque,
560 2778 592 2834 ut
614 2770 729 2852 plenius
754 2770 961 2850 discutiamus,
991 2767 1191 2833 benivolentia
1214 2785 1232 2830 a
1254 2767 1314 2831 do·

217 2883 347 2946 mesticis
368 2884 493 2965 primum
514 2883 650 2965 proiecta
672 2885 830 2965 personis,
853 2885 882 2946 id
905 2891 969 2964 est,
992 2903 1008 2947 a
1031 2884 1105 2963 liliis,
1129 2881 1311 2964 parentibus,

218 2997 365 3077 iratribus,
388 3017 443 3079 per
466 2999 705 3062 coniunctionum
729 2999 840 3081 gradus
865 3001 895 3062 in
918 2999 1068 3061 civitatum
1091 2995 1229 3078 pervenit
1246 3011 1313 3056 am·

104 3126 106 3134 ’
216 3110 308 3172 bitum
331 3117 362 3172 et
385 3110 422 3173 dc
444 3111 582 3193 paradiso
606 3129 730 3194 egressa
752 3113 894 3176 mundum
915 3112 1054 3194 replevit.
1091 3110 1230 3190 Denique
1246 3123 1311 3171 cum

216 3222 247 3284 in
262 3221 328 3284 viro
345 3227 375 3282 ct
389 3219 498 3284 femina
513 3223 733 3287 benivolentem
749 3224 822 3288 deus
837 3224 988 3304 posuisset
1003 3221 1152 3301 affectum,
1175 3221 1265 3285 dixit:
1279 3216 1312 3304 ⁴)

148 3379 152 3386 ·
216 3334 321 3398 &aar
342 3333 432 3396 ambo
454 3333 487 3396 ia
508 3353 575 3397 aaa
596 3353 693 3398 coroa
716 3341 746 3398 et
767 3335 797 3397 in
819 3349 883 3397 uno
902 3333 1014 3414 spiritu.
1051 3332 1135 3396 Unde
1154 3331 1218 3396 Eva
1242 3348 1312 3394 ser-

216 3449 299 3531 penti
332 3445 492 3527 credidit,
510 3450 648 3529 quoniam
682 3467 759 3531 quae
789 3447 1022 3512 benivolentiam
1053 3451 1210 3528 acceperat
1243 3461 1313 3527 esse

217 3560 443 3625 malivolentiam
466 3579 527 3624 non
554 3563 738 3643 opinabatur.

288 3824 315 3893 1)
335 3827 358 3880 1.
371 3827 434 3896 Bag.
448 3826 491 3893 20,
504 3827 546 3884 ta.
600 3829 629 3895 2)
647 3827 701 3884 lob.
717 3829 761 3898 31,
779 3829 822 3884 32.
876 3829 905 3898 3)
924 3829 988 3882 Ibid.
1007 3845 1031 3882 v.
1045 3827 1079 3880 ³5
1091 3843 1145 3896 seq.
1200 3824 1230 3896 4)
1250 3823 1311 3878 Gon.

217 3915 243 3980 2,
262 3915 303 3967 24.
