2932 4700
220 361 249 424 Χ
263 387 265 393 v
670 351 866 408 minino.

221 535 267 600 iii
287 557 327 592 ε
351 535 414 598 Lat
437 533 550 597 Moneo.
577 530 663 598 2550
686 530 752 594 sius
776 529 1024 612 Aliorspaesnsis
1046 529 1098 594 br.
1120 528 1173 611 20,
1196 533 1318 596 membr.
1435 573 1440 616 ,

330 657 415 722 Saee.
431 655 503 734 xli,
527 656 621 718 forma
646 653 760 735 quadr,
784 650 937 727 [515132.
983 652 1012 718 S.
1036 651 1223 717 Ambrosium
1248 650 1319 738 (iol.
1437 693 1440 738 ,

332 776 454 856 1-75,
477 775 514 859 b]
539 778 763 863 subsequuntur
786 777 814 840 S.
838 775 972 838 Mooimi
994 775 1163 859 philosophi
1193 782 1222 838 et
1250 794 1319 839 mo·
1439 819 1440 836 .

331 901 418 963 naohi
441 899 516 962 liber
539 899 576 962 nd
599 898 745 981 Elpidium
768 899 899 981 presbyt.
924 898 1108 962 decoritate
1138 895 1208 982 (iol.
1235 896 1317 961 77-

335 1020 405 1100 los,
421 1018 458 1106 a)
482 1028 511 1084 et
525 1021 646 1084 Aurelii
663 1021 849 1094 cassiodori
868 1011 944 1084 liber
959 1021 998 1085 lle
1013 1022 1110 1086 anima
1125 1018 1196 1106 (iol.
1215 1019 1320 1100 106‚a
1433 1037 1437 1047 ·

329 1138 447 1222 -126,
467 1141 515 1223 b).
561 1145 685 1208 Adiecta
709 1153 756 1231 est
779 1146 892 1209 notatio
916 1143 1044 1208 Notberi
1067 1141 1154 1227 (coll.
1176 1141 1320 1228 notberi)

331 1267 510 1329 coenobitae
526 1267 555 1331 S.
573 1265 649 1329 Galli
672 1267 710 1330 de
733 1267 896 1332 illustribus
913 1269 995 1347 viris,
1019 1267 1069 1348 qui
1093 1285 1134 1329 ex
1155 1267 1321 1330 intentione

329 1405 431 1452 sacras
454 1391 617 1472 scripturas
641 1390 842 1474 exponebant,
866 1398 915 1455 aut
939 1409 979 1453 ex
1000 1390 1161 1455 occasione
1177 1387 1320 1470 quasdam

331 1511 495 1574 sententias
529 1511 646 1575 divinae
677 1512 860 1576 auctoritatis
891 1513 1108 1595 explanabunt,
1143 1510 1253 1591 scripta
1283 1505 1320 1571 ad

333 1633 520 1697 Salomonem
545 1634 718 1716 discipulum
742 1653 845 1714 suum,
875 1643 981 1717 postea
1005 1633 1241 1698 Constantieusis
1265 1649 1321 1694 eo·

331 1757 442 1818 etesiae
466 1757 647 1840 episcopum.
777 1786 779 1792 v

221 1879 273 1960 big
290 1905 326 1936 =
345 1878 407 1941 Lat.
425 1879 541 1943 Monac.
555 1877 671 1958 telos,
687 1881 756 1944 olim
773 1882 1012 1964 Tegernseensis
1028 1880 1079 1944 Nr.
1094 1876 1165 1958 165,
1181 1876 1321 1954 chartac,

332 2001 417 2064 Saeo.
442 2000 523 2078 XV.‚
546 2001 631 2064 iorm.
656 2003 777 2081 mutor,
802 2002 863 2065 ioli.
884 2000 957 2065 275.
1004 2001 1181 2065 continetur
1202 2005 1322 2080 praeter

331 2123 359 2187 S.
377 2124 528 2188 Ambrosii
551 2123 589 2186 de
612 2123 718 2188 oilieiis
740 2125 834 2189 libros
849 2125 895 2188 Io.
911 2124 1128 2188 Domoaoeuus
1151 2121 1189 2184 de
1212 2121 1321 2184 ortho-

333 2247 411 2310 doxa
434 2245 493 2309 fide
517 2263 583 2308 eum
606 2246 670 2310 aliis
694 2247 854 2329 opusculis.

220 2368 260 2432 ila
285 2393 323 2425 =
348 2369 578 2451 bambergensis
612 2367 672 2452 [ex
703 2370 836 2433 Biblioth.
870 2369 1001 2433 cathedr.
1030 2367 1066 2431 Α.
1090 2363 1154 2452 86)
1178 2365 1209 2429 Β.
1234 2365 1266 2428 ii.
1290 2361 1321 2445 6,

331 2492 452 2554 membr.
477 2491 561 2554 Saea.
577 2491 637 2570 XL,
661 2491 745 2556 lorm.
770 2494 884 2570 maior,
907 2511 935 2574 p.
953 2487 1113 2556 36-154.

222 2610 263 2674 ilb
290 2635 330 2670 =
354 2611 584 2694 bambergensis
617 2609 678 2696 (ex
699 2611 836 2676 Biblioth.
861 2610 1033 2675 monasterii
1056 2608 1084 2674 S.
1108 2607 1261 2672 Michaelis
1285 2607 1320 2672 0.

331 2733 360 2798 S.
384 2733 416 2796 B.
446 2731 653 2826 Bambergae)
679 2734 711 2797 B.
734 2733 767 2797 11.
791 2731 829 2814 5,
862 2734 982 2797 membr.
1014 2732 1099 2799 Saec.
1123 2729 1201 2812 till,
1235 2730 1319 2795 form.

330 2857 442 2936 moion,
465 2875 493 2938 p.
514 2855 694 2922 150-297.

221 2976 261 3040 Bc
284 3001 324 3036 =
348 2978 578 3062 Bambergensis
602 2981 662 3064 (ox
678 2979 811 3043 Bibliotb.
829 2979 962 3042 eiusdem
984 2973 1177 3062 monasterii)
1194 2977 1224 3040 B.
1241 2975 1273 3039 ll.
1290 2973 1320 3052 9,

331 3102 451 3164 membr.
476 3103 560 3166 Saeo.
576 3101 646 3182 ΧΠ,
672 3102 757 3166 loun.
782 3101 895 3184 quadr„
918 3120 946 3184 p.
963 3096 1101 3166 6-162.

310 3219 356 3284 lix
379 3221 424 3285 his
446 3223 529 3286 tibris
552 3241 640 3286 manu
662 3224 780 3307 scriptis
801 3223 859 3302 bia,
882 3222 962 3305 quod
985 3222 1106 3304 primam
1132 3222 1196 3284 eius
1219 3220 1320 3284 attinet

221 3360 356 3424 manum,
389 3345 516 3409 mammo
542 3346 706 3410 concordat
729 3346 923 3411 sumendioe
947 3345 1016 3423 W‚‘
1033 3345 1073 3408 ita
1104 3349 1136 3406 ut
1165 3362 1204 3407 ex
1234 3342 1320 3408 simili

224 3485 430 3500 Μ,-

221 3570 337 3634 ioiibaasu
356 3568 536 3637 Saobibttibu
554 3569 706 3638 tetellbette,
731 3586 756 3626 et
775 3574 869 3627 ottnrte
888 3571 944 3636 aab
963 3586 1011 3634 ou,
1029 3570 1074 3637 tab
1091 3581 1139 3624 oon
1156 3566 1234 3634 [aiom
1254 3564 1320 3623 tlon·

221 3657 348 3712 amantea
367 3662 451 3716 autera
470 3659 552 3734 iberis
576 3661 664 3730 alttlirb
690 3665 738 3716 not
762 3661 806 3716 mit
830 3661 916 3732 graiae
934 3660 1053 3731 &capiuli
1077 3657 1248 3729 obgaimrieben
1272 3661 1320 3712 ant

221 3743 292 3798 botin
310 3743 440 3814 ouigeieilt
458 3751 563 3804 muman.
600 3748 677 3804 iliter
696 3748 745 3817 lint
764 3752 847 3820 gerute
873 3762 929 3804 oon·
944 3748 1018 3814 bition
1044 3747 1137 3810 tibica
1160 3748 1208 3798 unt
1232 3744 1319 3810 ratim

222 3829 319 3887 suoru
340 3831 375 3888 tia
393 3833 486 3900 meliten
504 3834 575 3900 tbeits
594 3835 717 3902 atlanteo
736 3835 882 3904 gaionnum
909 3834 980 3902 tbeits
1006 3848 1051 3901 por
1072 3831 1198 3897 ottnttbtat
1215 3833 1317 3884 metten.

221 3917 272 3978 3111
298 3919 351 3980 3eit
376 3925 416 3974 bet
441 3921 672 3990 breingrbrocbenen
697 3921 956 3984 blamenraiotmotiou
983 3923 1034 3976 tam
1058 3918 1094 3973 tle
1119 3916 1320 3985 &tactbtbtiotbat

202 3996 269 4060 'aon
287 4006 446 4076 itepeutbarg
465 4007 491 4062 in
509 4020 552 4063 mn
570 4007 645 4080 {litis
664 4009 730 4063 eines
748 4007 837 4076 genien
857 4006 940 4073 libello
959 4005 1030 4068 bloiet
1042 4001 1319 4076 btnttettponbitbtiitem

222 4095 261 4158 tet
278 4091 374 4175 priten
394 4091 464 4166 tirell
483 4097 638 4153 attentantis
656 4093 779 4159 terminet
798 4099 844 4148 nno
864 4121 896 4132 -
915 4089 1195 4166 petibuittcolllt
