2932 4700
425 357 471 412 DE
492 355 631 413 onnctts
650 352 876 410 tttdtst‘ttotttttt
893 353 1028 411 tthsnt
1229 361 1273 428 θ’(

171 518 300 582 hortatio
322 514 388 591 slna
411 517 587 585 offensione.
630 517 668 580 Et
689 517 767 582 sieut
786 517 818 580 in
840 516 922 581 omni
940 521 1008 580 actu
1021 515 1101 580 vitae
1115 517 1146 580 id
1162 536 1271 583 cavere

172 629 335 711 debemus,
369 621 414 692 'ne
447 630 594 694 rationem
630 629 737 692 nimius
771 629 859 692 animi
894 636 991 694 motus
1026 629 1181 714 excludat,
1218 631 1274 700 sed

171 751 328 815 teneauaus
351 745 468 810 oonsdii
489 745 606 825 lenum,
636 745 676 808 ita
700 745 789 807 etiam
811 745 841 808 in
864 763 1005 810 sermone
1029 747 1184 812 lormulam
1207 767 1272 812 eam

172 861 271 926 teneri
292 861 451 940 convenit,
473 879 514 924 ne
538 865 587 922 ant
607 859 651 921 ira
675 859 824 924 excitetur
841 867 893 923 aut
912 859 1012 924 odium
1035 868 1085 924 aut
1108 861 1274 944 cupiditatis

172 982 297 1040 noshae
318 981 369 1040 aut
392 973 529 1057 ignaviae
553 970 652 1052 aliqua
674 972 875 1054 exprimamus
898 971 1014 1037 indioia.

264 1088 334 1154 100.
380 1087 424 1154 Sit
445 1086 536 1169 igitur
568 1102 668 1150 sermo
700 1084 869 1149 huiusmodi
891 1084 930 1149 de
953 1087 1108 1168 seripturis
1138 1087 1274 1154 maxima.

174 1202 253 1278 Quid
281 1205 360 1266 enim
385 1201 481 1284 magis
513 1216 570 1262 nos
594 1205 713 1281 oportet
744 1199 844 1280 loqui,
876 1218 963 1280 quaro
985 1199 1023 1263 de
1045 1177 1275 1266 conversatione

175 1313 301 1396 optima,
325 1311 532 1376 adhortatione
556 1311 794 1390 observationis,
826 1310 999 1392 disciplinae
1022 1313 1165 1378 eustadio.
1211 1315 1276 1378 lla-

175 1427 245 1490 beat
278 1433 366 1508 oaput
395 1426 460 1489 eius
491 1426 638 1488 rationem
661 1432 691 1487 et
713 1424 779 1487 nnn
802 1424 931 1488 modum.
975 1423 1082 1491 Sermo
1105 1428 1183 1491 enim
1207 1433 1276 1492 tae-

176 1540 279 1604 diosus
310 1540 370 1602 iras
401 1540 518 1601 excitat.
563 1539 659 1612 Onam
688 1556 763 1601 vero
790 1537 981 1618 indecorum,
1012 1544 1060 1618 nt,
1091 1558 1158 1604 oum
1181 1543 1276 1605 omnis

176 1652 379 1716 confabulatio
403 1652 514 1716 hahere
536 1651 632 1716 soleat
651 1652 864 1718 incrementum
879 1653 1003 1738 gratiae,
1027 1653 1135 1718 habeat
1150 1675 1277 1722 naevum

177 1766 368 1830 offensionis!

267 1877 337 1945 101.
382 1879 537 1942 Tractatns
561 1897 682 1961 qnoque
707 1879 745 1943 de
769 1879 903 1944 doctrina
925 1878 1012 1961 fidei,
1043 1881 1081 1945 do
1104 1881 1276 1966 magisterio

176 1996 395 2074 continentiae,
426 1993 464 2056 da
487 1993 702 2076 disoeptatione
725 1996 871 2073 iustitiae,
906 1995 1113 2059 adhortatione
1144 1994 1277 2077 diligen·-

177 2111 252 2189 tiae,
282 2127 343 2174 non
366 2125 442 2174 unus
466 2125 604 2190 semper,
636 2108 709 2188 sed,
740 2115 773 2172 ut
793 2126 828 2171 se
852 2107 968 2169 dederit
994 2108 1104 2187 lectio,
1137 2108 1224 2170 nobis
1249 2113 1278 2169 et

180 2223 367 2304 arripiendus
402 2228 448 2285 est
481 2229 529 2301 et,
561 2230 651 2304 prout
686 2239 862 2303 possumus,
897 2219 1143 2304 prosequendns;
1178 2233 1277 2300 neque

180 2336 300 2399 nimium
331 2337 486 2418 prolixus,
520 2355 619 2418 neque
649 2337 707 2399 eito
738 2336 941 2417 interruptus,
975 2352 1014 2398 ne
1047 2333 1097 2396 rel
1129 2331 1278 2396 fastidium

181 2447 383 2530 derelinquat,
408 2449 456 2510 vel
478 2448 622 2513 desidiam
639 2449 747 2531 prodat
767 2455 858 2529 atque
881 2449 1032 2512 incuriam.
1071 2446 1173 2511 Oratio
1192 2464 1276 2527 pura,

180 2563 324 2643 simplex,
347 2560 475 2625 dilucida
498 2567 587 2642 atque
608 2561 780 2640 manifesto,
804 2561 891 2643 plena
908 2562 1061 2646 gravitatis
1083 2567 1113 2625 et
1133 2558 1277 2641 ponderis

180 2693 242 2740 non
265 2675 416 2740 adieotata¹
436 2675 602 2758 elegantia,
629 2675 684 2738 sed
706 2693 767 2739 non
789 2675 957 2740 intermissa
979 2678 1084 2760 gratia
1204 2651 1211 2664 l

559 2943 736 3014 CAPUT
769 2948 896 3015 XXIII.

178 3108 255 3164 looos
274 3111 322 3164 etsi
340 3126 526 3181 nonnumquam
545 3111 645 3164 honesti
663 3114 729 3177 siut,
748 3121 834 3166 tamen
851 3114 877 3166 in
897 3113 1076 3166 ecclesiasticis
1094 3113 1154 3166 viris
1173 3112 1276 3165 omnino

243 3199 456 3266 proscribendos3
477 3216 567 3253 vooam
586 3208 670 3252 autam
689 3215 778 3268 puram
796 3219 827 3254 ao
844 3202 986 3271 simplicem
1006 3216 1064 3253 esse
1082 3208 1212 3268 oportere.

270 3355 341 3424 102.
387 3359 474 3424 llulta
498 3368 654 3443 praeterea
678 3361 715 3423 de
737 3363 853 3426 rationo
884 3361 1002 3425 dioendi
1024 3359 1095 3424 dant
1115 3367 1277 3441 praecepta

104 3535 107 3550 ,
180 3471 353 3533 saeculares
370 3471 435 3550 viri,
457 3491 535 3552 quae
550 3473 638 3536 nohis
657 3471 876 3555 praetereunda
899 3473 1036 3551 arbitror,
1059 3478 1092 3535 ut
1106 3471 1144 3534 de
1158 3472 1277 3536 iocandi
1340 3520 1345 3558 4

181 3582 343 3664 disoiplina.
389 3583 463 3646 Nam
493 3584 564 3648 lieet
589 3585 737 3649 interdum
766 3586 894 3649 honesta
924 3585 992 3647 ioee
1014 3601 1050 3647 ao
1072 3583 1176 3647 suavia
1206 3585 1275 3663 sint,

180 3700 278 3758 tamen
307 3695 344 3758 ab
377 3695 579 3760 aeclesiastica
612 3697 777 3760 obhorrent
808 3696 933 3781 regula,
966 3696 1105 3776 qnoniam
1137 3712 1215 3778 qnae
1245 3698 1277 3759 in
1341 3706 1346 3747 ἓ

179 3807 338 3889 seripturis
364 3826 425 3872 non
455 3809 639 3890 reperimus,
673 3829 710 3874 ea
741 3807 989 3891 quamadmodum
1022 3827 1170 3892 usurpare
1199 3827 1276 3892 pos·
1343 3807 1348 3830 ²

178 3921 308 3986 mneos?
1245 3997 1250 4005 ,

269 4029 340 4099 103.
386 4033 526 4098 Cavenda
549 4033 627 4096 enim
649 4035 737 4098 etiam
759 4036 790 4100 in
812 4034 936 4114 fabulis,
967 4053 1007 4096 ne
1028 4034 1181 4098 inlleotant
1201 4053 1276 4118 gra·
1350 4048 1353 4126 ζ

178 4147 300 4215 vitatem
328 4146 492 4212 severioris
521 4147 675 4230 propositi.
731 4148 793 4211 Vna
821 4149 929 4226 vodis,
962 4148 1172 4230 patrinatu,
1202 4150 1277 4229 quio

1010 4257 1067 4323 sa
1348 4240 1353 4270 ¹
