2932 4700
390 340 435 396 DE
454 339 589 398 cuncus
609 339 832 398 mnismoattll
849 339 946 396 amna
963 341 983 396 l.
1194 347 1238 412 89

140 502 293 569 scandant.
341 501 413 566 Cum
440 502 530 586 igihrr
551 503 667 568 sederis
690 502 728 566 ad
750 501 830 566 illam
853 519 984 567 mensam
1007 503 1155 585 potentis,
1188 503 1237 566 in-

141 617 252 700 tellege
275 617 342 698 quis
365 617 403 680 sit
425 615 483 679 iste
505 623 621 698 potens,
644 623 675 680 et
697 617 727 680 in
748 616 887 698 paradiso
904 616 1108 682 delectationis
1123 618 1239 698 positus

141 735 229 810 atque
251 730 281 792 in
305 728 443 792 convivio
466 731 631 809 sapientiae
652 728 766 794 locatus
784 728 943 792 considera
959 748 1036 810 quae
1051 728 1239 810 adponuntur

141 843 202 904 tibi.
248 841 399 922 Scriptura
430 840 528 904 divina
558 841 727 906 convivium
757 842 918 923 sapientiae
948 849 1008 921 est,
1040 842 1148 924 singuli
1171 841 1241 905 libri

142 955 260 1038 singula
282 963 350 1017 sunt
374 954 495 1018 fercula.
537 955 683 1038 Intellege
706 956 788 1036 prius
812 974 887 1035 quae
911 957 1038 1020 habeant
1060 954 1240 1018 ferculorum

143 1068 234 1150 dapes
258 1076 288 1130 et
310 1074 379 1130 tunc
402 1069 483 1130 mitte
507 1085 635 1147 manum,
660 1074 691 1130 ut
716 1087 761 1147 ea,
784 1087 861 1149 quae
881 1069 958 1152 legis
974 1069 1023 1131 vel
1038 1086 1115 1149 quae
1131 1069 1240 1149 accipis

142 1201 160 1244 a
190 1180 311 1244 domino
341 1179 398 1244 deo
431 1189 500 1261 tuo,
534 1183 676 1264 operibus
707 1184 883 1264 exsequaris
916 1189 946 1244 et
976 1182 1122 1247 conlatam
1149 1182 1179 1244 in
1211 1188 1241 1244 te

141 1295 266 1378 gratiam
289 1293 395 1356 officiis
418 1301 646 1376 repraesentes,
677 1303 709 1357 ut
730 1297 835 1360 Petrus
860 1301 889 1358 et
911 1296 1038 1376 Paulus,
1072 1295 1121 1376 qui
1145 1312 1240 1358 evan-

143 1405 301 1488 gelizando
332 1406 427 1468 vicem
460 1405 605 1486 quandam
635 1407 769 1490 largitori
801 1408 933 1470 muneris
964 1407 1176 1486 reddiderunt,
1210 1414 1243 1470 ut

142 1525 267 1602 possent
295 1519 407 1601 singuli
435 1519 552 1582 dicere:
573 1516 603 1603 ¹)
638 1520 748 1583 Gratia
769 1529 870 1582 natam
892 1521 942 1582 dci
965 1538 1033 1582 sam
1057 1521 1141 1599 qaod
1164 1539 1241 1596 sam,

143 1639 173 1693 et
193 1631 299 1712 pratia
319 1631 388 1691 etas
412 1651 509 1711 apaan
530 1633 563 1694 io
585 1651 631 1694 mc
654 1651 716 1696 noa
736 1632 818 1710 sain
850 1634 907 1694 aad
936 1632 1147 1696 abundantiae
1178 1633 1242 1695 illis

143 1743 285 1806 amathas
310 1743 460 1806 laboravi.

235 1853 305 1922 166.
343 1856 428 1919 Alius
452 1874 527 1940 ergo
547 1856 673 1920 fructum
690 1858 804 1936 accepti
820 1856 967 1934 beneficii,
991 1862 1023 1921 ut
1037 1873 1141 1918 aurum
1157 1873 1242 1938 auro,

144 1976 299 2053 argenium
322 1975 447 2052 argento
471 1968 624 2049 rependit;
647 1969 722 2032 alius
746 1969 891 2048 laborem,
914 1968 999 2048 alius,
1021 1967 1099 2032 haud
1116 1970 1181 2032 scio
1205 1989 1243 2032 an

144 2083 232 2146 etiam
254 2082 442 2164 locupletius,
465 2081 562 2142 solum
585 2081 712 2144 restituit
735 2078 880 2142 allectum.
927 2080 1004 2153 Quid
1027 2083 1114 2160 enim,
1139 2085 1166 2144 si
1189 2101 1244 2146 re-

126 2186 273 2259 'ferendo
294 2195 373 2258 nulla
400 2193 523 2256 facultas
553 2192 706 2273 suppetit?
750 2192 783 2254 ln
812 2192 959 2255 benelicio
988 2193 1142 2258 reddendo
1177 2195 1243 2276 plus

145 2311 277 2389 animus,
307 2327 393 2390 qumn
416 2323 526 2370 census
551 2312 711 2387 operatur,
734 2306 889 2388 magisque
912 2305 1131 2387 praeponderat
1154 2307 1243 2370 beni·

145 2423 292 2501 volentia,
323 2440 409 2502 quam
432 2419 614 2502 possibilitas
636 2417 790 2480 referendi
812 2420 960 2494 muneris3
994 2420 1089 2500 gratia
1113 2421 1190 2482 enim
1214 2422 1244 2484 in

145 2556 184 2599 eo
206 2538 289 2618 ipso,
319 2533 401 2615 quod
427 2534 569 2611 habetur,
602 2531 740 2594 retertur.
787 2533 894 2614 hlagna
918 2533 1007 2614 igitur
1030 2533 1244 2614 benivolentia,

145 2667 240 2730 quae,
263 2649 349 2710 etiam
372 2648 399 2709 si
421 2648 493 2709 nihil
516 2647 669 2726 conferat,
692 2648 758 2729 plus
782 2647 920 2726 exhibet,
955 2653 1071 2710 etcum
1096 2648 1125 2710 in
1148 2649 1244 2730 palri-

144 2763 246 2828 monio
269 2761 342 2824 nihil
363 2760 480 2840 babeat,
503 2761 629 2845 largitur
651 2762 803 2842 pluribus;
825 2761 915 2843 idque
938 2762 1009 2826 facit
1031 2762 1097 2824 sine
1120 2761 1179 2824 ullo
1197 2761 1244 2824 sui

146 2875 302 2958 dispendio
336 2880 366 2935 et
398 2875 483 2935 lucro
519 2872 656 2934 omnium.
708 2872 746 2933 Et
781 2871 849 2934 ideo
881 2879 1012 2953 praestat
1043 2873 1245 2936 benivolentia

145 3007 235 3072 supra
268 2991 361 3070 ipsam
378 2985 607 3048 liberalitatem.
653 2984 748 3045 Ditior
782 2984 857 3046 haec
889 2986 1038 3063 moribus,
1073 3004 1160 3066 quam
1194 2987 1244 3050 illa

144 3101 334 3177 muneribus;
359 3099 459 3182 plures
481 3101 560 3161 enim
582 3105 650 3161 sunt
673 3098 724 3179 qui
746 3097 881 3180 indigent
902 3099 1061 3178 beneficio,
1086 3118 1171 3179 quam
1195 3101 1245 3181 qui

144 3215 303 3280 abundant.

235 3324 305 3392 167.
343 3327 397 3391 Est
419 3334 516 3390 autem
538 3326 739 3391 benivolentia
763 3327 922 3390 coniuncta
945 3325 1122 3404 liberalitati,
1147 3345 1164 3389 a
1187 3343 1245 3406 qua
1323 3377 1326 3385 .

145 3444 210 3524 ipsa
233 3443 393 3505 liberalitas
416 3442 631 3523 proficiscitur,
664 3459 730 3504 cum
762 3440 908 3522 largitatis
939 3439 1076 3502 allectum
1109 3438 1245 3520 seqnitur

144 3555 291 3638 largiendi
321 3572 411 3634 usus,
442 3563 472 3618 et
502 3561 637 3637 separata
667 3563 757 3636 atque
787 3553 923 3616 discreta.
969 3551 1022 3614 Ubi
1052 3551 1130 3614 enim
1161 3550 1245 3614 deest

145 3667 324 3746 liberalitas,
361 3668 562 3731 benivolentia
596 3676 713 3746 manet,
751 3668 914 3731 communis
953 3663 1098 3746 quaedam
1135 3681 1244 3746 parens

123 3781 286 3859 omnium,
310 3799 386 3862 quae
410 3781 563 3844 amicitiam
587 3783 717 3846 conectit
740 3788 770 3843 et
793 3782 920 3864 copulat,
943 3780 973 3842 in
989 3776 1121 3839 consiliis
1137 3775 1245 3854 tidelis,

146 3893 177 3955 in
199 3894 352 3974 prosperis
374 3893 469 3971 laeta,
503 3894 532 3954 in
554 3893 684 3955 tristibus
706 3898 836 3971 maesta,
867 3896 899 3954 ut
920 3890 1126 3972 unusquisque
1154 3888 1244 3954 beni-

153 4043 357 4053 ..—---—-

217 4131 245 4206 a)
267 4131 289 4185 ι.
308 4129 366 4186 cor.
386 4130 489 4206 15,10.
