2932 4700
607 341 633 394 e.
653 338 816 398 areaosn.
1208 345 1248 412 η

142 504 178 568 in
207 501 298 569 domo
321 501 477 566 clarissimi
500 500 648 584 quondam
683 504 739 567 viri
768 503 904 567 Decentii
927 507 971 582 et,
1003 503 1083 586 quod
1116 511 1164 568 est
1184 523 1251 570 am·

143 618 241 702 plius,
264 616 439 696 Christiani,
475 621 623 696 maneret,
653 615 731 680 lilius
754 615 864 698 ipsius,
900 615 1085 698 Pausoplrius
1120 619 1250 698 nomine,

146 731 312 796 admodum
335 730 493 814 parvulus,
523 749 588 794 eum
614 731 719 814 spiritu
742 731 883 796 inmundo
906 731 1070 810 laboraret,
1102 730 1250 814 frequenti

146 847 291 910 oratione
322 851 352 909 et
379 845 560 926 inpositione
590 861 693 908 manus
724 843 890 908 sacerdotis
921 845 1014 927 ipsius
1048 851 1249 918 estimatus,

146 957 207 1022 sed
231 963 299 1039 post
321 957 488 1038 aliquantos
509 955 574 1019 dies
597 957 692 1020 subita
716 956 881 1020 infirmitate
912 964 1068 1039 correptus
1090 955 1249 1022 infantulus

148 1071 305 1136 exhalavit
326 1071 468 1154 spiritum.
514 1069 603 1134 Cuius
632 1078 726 1134 mater
748 1070 833 1134 valde
855 1071 1000 1155 religiosa
1024 1077 1054 1135 et
1081 1071 1167 1153 plena
1191 1071 1250 1134 lide

148 1205 187 1250 ac
210 1186 317 1249 timore
342 1185 391 1248 dei
425 1185 524 1249 ablato
558 1185 607 1248 illo
633 1185 671 1248 de
693 1186 852 1268 superiore
874 1192 958 1268 parte
979 1187 1085 1250 domus
1107 1185 1144 1248 ad
1168 1184 1249 1249 inie-

147 1301 232 1363 riora
256 1298 410 1362 descendit
432 1307 523 1382 atque
545 1300 576 1362 in
599 1301 678 1363 lecto
701 1301 868 1364 sacerdotis
894 1303 960 1383 ipso
983 1302 1106 1365 absente
1129 1317 1248 1383 conpe-

148 1415 218 1478 suit.
264 1413 359 1488 Quem
381 1432 447 1478 oum
470 1421 628 1478 revertens
652 1415 797 1479 sacerdos
818 1417 847 1478 in
871 1416 948 1479 lecto
977 1416 1142 1478 invenisset
1164 1411 1249 1496 (erat

147 1529 230 1624 eninr
254 1527 304 1591 illo
328 1529 358 1591 in
381 1537 520 1612 tempore
543 1537 627 1593 extra
645 1530 763 1594 domurn
783 1529 928 1614 positus),
951 1531 1107 1594 miseratus
1124 1535 1248 1592 matrem

149 1649 182 1706 ει
203 1642 289 1706 iidem
314 1643 406 1725 ipsius
430 1645 655 1726 contemplatus!
677 1645 816 1710 Helisaeo
846 1646 947 1708 similis
968 1642 995 1728 ¹)
1025 1661 1114 1726 supra
1138 1659 1248 1725 corpus

148 1756 271 1820 iniantis
295 1775 329 1820 se
352 1758 417 1840 ipsc
440 1759 597 1842 conposuit
620 1765 709 1842 atque
732 1760 847 1824 orando
869 1761 987 1840 meruit,
1010 1766 1043 1822 ut
1057 1760 1155 1821 vivum
1170 1757 1247 1821 red-

149 1869 236 1934 deret
259 1871 354 1950 matri,
384 1889 471 1952 quern
495 1878 642 1935 mortuum
672 1873 836 1936 invenerat.
880 1872 927 1937 Ad
962 1893 1049 1955 quem
1082 1873 1167 1936 etiam
1195 1872 1247 1935 in·

148 1984 293 2048 lentulum
327 1985 456 2049 libellum
486 1987 673 2068 conscripsit,
705 1994 738 2050 ut
768 1987 848 2069 quod
880 2007 934 2071 per
964 1990 1067 2051 aetatis
1097 1987 1246 2051 infantiam

147 2100 229 2162 scire
262 2116 325 2161 nou
360 2105 478 2181 potcrat
508 2098 639 2183 legendo
669 2107 877 2183 cognosceret.
932 2102 1141 2164 Verumtamen
1172 2119 1246 2164 ase
1280 2123 1286 2196 l

148 2211 259 2276 iactum
282 2212 399 2293 scriptis
430 2211 492 2276 suis
515 2228 576 2274 non
600 2214 855 2290 commemoravit3
887 2212 941 2275 sed
973 2231 1032 2294 quo
1056 2211 1164 2276 allecta
1188 2213 1246 2276 de-

149 2327 306 2390 clinaverit
330 2343 575 2406 commemorare,
598 2343 658 2389 non
683 2333 728 2388 est
750 2332 884 2390 nostrum
906 2326 1046 2390 iudicare.

238 2436 290 2504 29.
334 2441 365 2502 ln
389 2439 494 2503 eadem
518 2441 606 2504 etiam
629 2440 748 2502 civitate
771 2439 920 2502 basilicam
944 2439 1105 2519 constituit,
1134 2439 1163 2502 in
1187 2457 1246 2522 qua

150 2555 288 2639 deposuit
310 2555 450 2636 reliquias
473 2559 635 2638 martyrum
657 2554 758 2616 Vitalis
782 2559 811 2615 et
827 2553 998 2638 Agricolae,
1022 2571 1147 2636 querum
1172 2572 1246 2618 eor·-

149 2687 225 2754 pora
247 2670 277 2731 in
300 2668 483 2746 Bononiensi
505 2669 623 2732 civitate
646 2668 800 2732 levaverat
808 2690 817 2745 ;
840 2670 935 2750 posita
959 2669 1037 2731 enim
1060 2655 1147 2732 erant
1170 2686 1245 2733 cor·-

150 2802 224 2868 pora
246 2791 407 2865 martyrum
430 2784 508 2846 inter
538 2801 666 2865 corpora
690 2783 881 2861 ludaeorum,
911 2800 968 2846 nec
1000 2790 1065 2846 erat
1095 2785 1245 2866 cognitum

149 2896 262 2980 populo
292 2898 475 2978 Christiano,
511 2898 568 2960 nisi
607 2915 641 2960 se
671 2898 766 2960 saneti
795 2903 941 2979 martyres
971 2896 1120 2960 sacerdoti
1151 2897 1244 2980 ipsius

151 3012 297 3076 eeclesiae
332 3014 526 3076 revelassent.
580 3013 677 3088 Quae·
703 3031 769 3076 curn
808 3011 1031 3094 deponerentur
1061 3010 1116 3073 sub
1150 3010 1244 3089 altari,

152 3127 231 3208 quod
266 3134 314 3190 cst
350 3129 381 3192 in
415 3129 519 3192 eadem
542 3129 663 3193 basilica
687 3128 893 3207 constitutum,
926 3144 1034 3208 magna
1066 3126 1125 3189 illic
1155 3125 1244 3189 totius

149 3241 243 3326 plebis
267 3249 387 3306 sanctae
410 3244 520 3308 laetitia
550 3250 640 3325 atque
671 3243 828 3307 exsultatio
859 3241 913 3305 luit
942 3259 1039 3324 poena
1069 3240 1244 3303 daemonum

150 3356 349 3420 confitentium
372 3363 530 3440 martyrum
552 3357 665 3419 merita.
1157 3399 1174 3432 ,

236 3469 287 3537 30.
332 3473 388 3535 Per
410 3472 488 3536 idem
511 3480 626 3554 tempus
642 3471 830 3556 Arbogastes
845 3487 946 3534 comes
962 3468 1108 3532 adversus
1123 3472 1243 3550 gentem

150 3604 249 3667 suam,
282 3587 425 3666 horest,
458 3587 657 3665 Francorum,
687 3585 796 3654 bellum
828 3583 943 3667 paravit
972 3587 1060 3661 atque
1082 3577 1244 3662 pugnando

150 3717 210 3762 non
234 3715 355 3782 parvam
371 3696 584 3762 multitudinem
608 3715 696 3761 manu
720 3697 803 3776 ludit,
826 3715 891 3760 cum
909 3696 1035 3759 residuis
1051 3712 1124 3774 vero
1139 3711 1243 3775 pacem

150 3813 282 3876 firmavit.
328 3812 387 3878 Sed
417 3833 484 3877 eum
513 3815 544 3876 in
574 3814 714 3877 convivio
737 3831 753 3875 a
775 3813 898 3895 regibus
928 3811 1027 3895 gentis
1050 3827 1123 3873 suae
1145 3808 1243 3871 inter-

150 3933 326 4010 rogaretur,
362 3933 459 3995 utrum
491 3928 583 3992 sciret
611 3927 818 4006 Ambrosium,
858 3932 888 3988 et
916 3925 1123 4018 respondisset
1151 3939 1243 3989 nosse

151 4079 354 4094 m

218 4171 247 4244 1)
266 4171 291 4228 t.
309 4171 374 4248 lleg.
392 4174 419 4242 i,
439 4174 472 4230 17
490 4188 563 4246 seqq.
