2976 4706
410 331 456 384 DE
475 329 612 386 oartctts
631 327 854 385 blllllSl'RORUbl
872 327 967 382 LIBER
986 328 1005 382 1.
1193 334 1256 402 115

544 559 714 628 CAPUT
751 561 873 626 XLIX.

158 727 206 780 llic
229 726 382 780 servandam
408 727 433 778 iu
458 724 531 778 nobis
557 727 677 778 virtutum
699 725 851 794 imaginem,
880 723 976 776 dioboli
999 738 1063 778 varo
1090 731 1116 777 et
1139 725 1258 780 vitiorum

160 812 315 866 eradendam
332 820 409 880 atque
426 813 452 864 in
468 813 555 880 primis
570 812 701 876 avaritiae,
721 826 788 880 quae
806 808 947 862 libertatem
965 811 1039 863 nobis
1058 812 1145 865 adimit
1162 815 1258 866 variis-

378 916 428 969 que
448 898 563 952 turbatos
581 899 733 952 vanitatibus
751 900 863 967 imagine
883 897 924 950 dai
942 899 1042 968 spoliat.

248 1057 321 1124 240.
366 1059 464 1144 Ergo,
490 1059 557 1121 dum
580 1059 628 1120 hio
651 1075 768 1136 sumus,
791 1075 946 1120 servemus
971 1059 1139 1142 imaginem,
1162 1066 1195 1124 ut
1218 1059 1259 1124 ibi

162 1173 373 1255 perveniamus
397 1171 435 1236 ad
457 1171 620 1235 veritatem.
667 1172 710 1236 Sit
733 1172 768 1234 in
800 1171 887 1234 nobis
915 1173 1014 1256 imago
1044 1173 1191 1252 iustitiae,
1222 1175 1260 1237 sit

162 1289 261 1372 imago
285 1286 466 1368 sapientiae,
498 1284 567 1364 quia
598 1283 735 1346 venietur
765 1282 802 1345 ad
832 1283 912 1348 illum
943 1282 1020 1346 diem
1043 1290 1073 1346 at
1094 1282 1260 1351 secundun

101 1434 109 1442 ·
162 1397 321 1480 imaginem
344 1394 571 1459 aestimabimur.

249 1505 323 1572 241.
368 1509 435 1571 Non
468 1507 600 1572 inveniat
633 1507 664 1570 in
697 1513 726 1570 te
758 1506 949 1572 adversarius
979 1508 1138 1592 imaginem
1167 1526 1260 1592 suam,

162 1639 225 1684 non
248 1621 379 1698 rabiem,
411 1636 472 1681 non
503 1616 655 1694 lurorem3
687 1618 717 1679 iu
738 1619 784 1681 bis
808 1620 887 1682 enim
910 1620 1009 1704 imago
1032 1621 1182 1704 nequitiae
1205 1629 1259 1686 est

163 1733 364 1798 Adversarius
398 1732 477 1793 enim
511 1730 646 1793 diabolus
677 1730 754 1792 sicut
788 1731 837 1795 leo
868 1733 991 1816 rugiens
1006 1799 1009 1804 ,
1024 1734 1141 1813 quaerit
1172 1753 1261 1816 quam

164 1845 290 1927 occidat,
315 1864 403 1926 quem
425 1841 562 1906 devoret.
579 1840 607 1925 ¹)
645 1843 714 1905 Non
738 1843 869 1906 inveniat
892 1846 956 1907 auri
978 1847 1177 1928 cupiditatem,
1199 1865 1262 1912 nou

165 1959 282 2043 argenti
305 1975 442 2037 acervos,
466 1975 527 2019 non
550 1957 691 2019 vitiorum
713 1957 880 2036 simulacra,
903 1976 942 2020 ne
959 1958 1075 2022 aulerat
1089 1960 1139 2024 tibi
1155 1977 1262 2022 vocem

164 2072 317 2136 libertatis.
362 2073 430 2135 Vox
459 2073 537 2134 enim
566 2070 709 2134 libertatis
741 2070 790 2134 illa
817 2078 880 2148 est,
912 2078 944 2134 ut
973 2071 1070 2134 dicas:
1088 2069 1121 2156 ²)
1157 2072 1263 2134 Veniet

165 2187 258 2249 bolos
289 2187 397 2248 mvndi
424 2185 575 2266 princeps
607 2191 637 2245 ot
664 2184 698 2243 io
728 2203 775 2244 me
805 2185 944 2244 inveniet
971 2184 1060 2246 nibil.
1104 2184 1205 2266 ltaque
1235 2183 1261 2248 ai
1303 2262 1306 2280 ἱ

166 2315 291 2362 securus
315 2314 358 2376 es,
382 2297 463 2378 quod
486 2296 557 2358 nibil
579 2297 609 2357 in
632 2302 662 2357 te
684 2296 826 2374 inveniat,
849 2273 1049 2360 cumvenerit
1069 2297 1261 2378 perscrutari,

168 2411 249 2473 dices
273 2409 345 2472 illud
368 2408 451 2492 quod
474 2409 547 2471 dixit
568 2408 606 2470 ad
621 2408 721 2471 Laban
743 2408 832 2472 laoob
851 2410 1032 2492 patriarcba:
1045 2406 1078 2495 ³)
1104 2410 1263 2494 Cognosce
1327 2408 1331 2415 ’

166 2525 196 2586 si
227 2522 304 2604 pald
334 2531 455 2586 tuorum
485 2529 532 2584 est
561 2523 647 2601 opud
673 2542 729 2584 roo.
775 2523 881 2585 Merito
910 2525 1014 2586 beatus
1044 2524 1152 2605 laceb,
1184 2521 1264 2606 apud

167 2655 256 2718 quem
286 2637 358 2699 nihil
385 2635 486 2698 Laban
519 2653 604 2697 suum
635 2634 732 2716 potuit
759 2635 903 2716 reperire.
948 2635 1156 2701 Absconderat
1185 2637 1264 2699 anim

166 2751 276 2814 Rachel
299 2751 456 2815 simulacra
480 2749 603 2811 deorum
627 2749 692 2812 eius
715 2767 806 2813 aurea
829 2756 858 2810 et
881 2758 1034 2832 argentea.

254 2861 327 2928 242.
372 2865 474 2946 ltaque
498 2864 524 2926 si
546 2865 701 2944 sapientia,
724 2864 751 2925 si
773 2863 858 2943 fides,
881 2864 908 2926 si
930 2869 1117 2946 contemptus
1141 2865 1263 2946 saeculi,

166 2978 193 3041 si
220 2979 314 3062 gratia
341 2986 391 3040 tua
420 2977 584 3040 abscondat
612 2995 729 3039 ornnem
757 2976 924 3059 perfidiam,
956 2979 1060 3043 beatus
1089 2979 1165 3059 eris,
1195 2979 1264 3062 quia

119 3155 121 3160 ,
167 3108 228 3153 non
258 3091 384 3172 respicis
415 3091 445 3153 in
467 3091 616 3153 vanitates
639 3095 669 3151 et
692 3090 822 3153 insanias
846 3089 945 3153 lebas.
962 3085 996 3172 ⁴)
1040 3091 1089 3154 An
1111 3091 1264 3155 mediocre

168 3210 214 3267 eat
236 3203 343 3268 tollere
367 3222 472 3267 vocem
495 3200 682 3282 adversario,
705 3210 738 3266 ut
758 3201 904 3286 arguendi
920 3209 950 3266 te
965 3222 1025 3267 non
1041 3205 1136 3286 possit
1150 3203 1264 3268 habere

166 3317 397 3381 auctoritatem?
441 3317 543 3397 ltaque
567 3319 617 3398 qui
640 3334 702 3380 uon
724 3317 847 3398 respicit
867 3317 898 3378 in
923 3317 1079 3395 vanitates,
1102 3335 1164 3380 non
1184 3334 1264 3379 con-

165 3430 317 3508 turbatur;
352 3432 403 3511 qui
434 3430 511 3493 enim
540 3431 663 3511 respicit
686 3413 878 3493 conturbatur
901 3435 932 3492 et
954 3429 1112 3518 vanissime
1135 3427 1263 3510 quidem.

167 3542 244 3618 Ouid
276 3549 321 3606 est
352 3544 430 3606 enim
462 3560 651 3624 congregare
682 3559 775 3623 opeS,
808 3543 865 3620 nisi
893 3559 1018 3621 vanum,
1054 3540 1122 3623 quia
1151 3539 1264 3604 caduca

166 3674 314 3739 quaerere
342 3676 452 3720 vanum
482 3662 528 3719 est
556 3657 651 3719 satis?
696 3655 769 3720 (lum
797 3664 896 3720 autam
924 3654 1179 3743 congregaveris,
1214 3653 1265 3735 qui

166 3771 245 3835 scias
268 3788 306 3834 an
328 3770 488 3852 possidere
510 3770 598 3832 liceat
620 3769 697 3832 tibi?

254 3880 327 3948 243.
372 3885 479 3948 Nonne
501 3901 610 3946 vanum
633 3888 679 3946 est
709 3890 741 3947 ut
770 3891 919 3947 mercator
940 3881 1078 3948 noctibus
1102 3899 1137 3944 ao
1159 3878 1264 3944 diebus

168 4039 374 4049 ———-.—.

238 4124 266 4191 t)
287 4123 386 4179 tram
400 4126 426 4192 5,
439 4125 463 4177 a.
499 4125 745 4193 2J10ann.1t,eo.
783 4124 812 4190 a)
828 4123 890 4178 ean.
904 4123 948 4190 st,
961 4124 1004 4177 oe.
1038 4121 1226 4190 spetunca
1239 4124 1264 4176 5.

1001 4221 1023 4288 8
1036 4220 1057 4261 θ
