2976 4706
238 368 302 434 156
685 366 710 422 s.
729 365 885 421 ananosu

145 522 151 539 ’
239 529 378 610 quoniam
400 528 450 609 qui
473 525 666 611 congreditur
697 525 878 606 sapientibus
910 525 1030 607 sapiens
1061 530 1121 601 est;
1157 526 1207 607 qui
1238 530 1337 588 autern

239 640 381 704 cohaeret
410 637 635 720 inprudentibus
666 633 830 717 inprudens
861 637 1043 718 agnoscitur.
1087 635 1125 699 lit
1153 638 1191 700 ad
1223 638 1338 700 instru-

239 754 368 816 ctionem
392 752 491 832 itaque
512 751 668 833 plurimum
695 747 811 830 proiicit
835 754 864 810 et
886 747 923 810 ad
945 749 1099 829 probitatis
1130 751 1336 814 testimonium.

239 863 407 928 Ostendunt
429 864 507 925 enim
530 860 737 925 adulescentes
761 877 865 922 eorum
888 875 923 921 se
942 860 1105 924 imitatores
1129 879 1208 942 esse,
1232 863 1338 944 quibus

239 976 420 1052 adhaerent;
442 983 473 1038 et
496 992 532 1037 ea
555 972 738 1036 convalescit
760 972 882 1053 opinio,
909 971 989 1051 quod
1010 973 1047 1035 ab
1070 973 1116 1037 his
1139 974 1259 1038 vivendi
1281 993 1337 1040 ac-

239 1089 375 1170 ceperint
397 1085 632 1164 similitudinem,
664 1103 730 1148 cum
753 1085 860 1164 quibus
883 1085 1083 1149 conversandi
1105 1087 1258 1150 hauserint
1281 1106 1338 1151 cu-

241 1201 400 1284 piditatem.

327 1310 379 1378 98.
423 1311 495 1376 lnde
517 1319 615 1376 tantus
637 1311 722 1376 lesus
744 1311 844 1392 Nave,
867 1311 948 1393 quod
971 1329 1039 1375 eum
1061 1331 1122 1376 non
1145 1313 1241 1378 solum
1264 1331 1339 1376 eru-

241 1426 314 1489 divit
329 1425 365 1488 ad
381 1425 459 1508 legis
482 1426 636 1488 scientiam
652 1426 749 1509 Moysi
772 1426 888 1507 copula,
909 1443 1014 1490 verum
1037 1426 1125 1490 ctiam
1147 1427 1340 1491 sanctificavit

241 1537 278 1601 ad
293 1539 428 1621 gratiam.
466 1538 603 1618 Denique
625 1557 692 1602 cum
714 1539 744 1601 in
763 1539 828 1602 eius
850 1539 1043 1603 tabernaculo
1066 1540 1164 1603 divina
1186 1539 1340 1622 refulgere

240 1651 410 1733 praesentia
432 1649 585 1715 videretur
607 1654 747 1715 maiestas
772 1652 891 1732 domini,
914 1654 996 1718 solus
1017 1661 1081 1718 erat
1100 1653 1131 1716 in
1146 1654 1339 1716 tabernaculo

240 1758 325 1822 lesus
348 1759 440 1822 Nave.
488 1761 610 1844 Moyses
632 1781 698 1826 cum
722 1762 780 1826 deo
802 1763 998 1845 loquebatur,
1021 1765 1105 1828 lesus
1127 1767 1239 1847 pariter
1260 1765 1340 1828 nube

243 1888 329 1935 sacra
361 1874 527 1954 tegebatur.
548 1870 577 1957 ¹)
620 1873 791 1957 Presbyteri
822 1882 851 1939 et
881 1874 1009 1957 populus
1042 1875 1182 1940 deorsum
1214 1875 1340 1955 stabant,

242 1984 326 2048 lesus
358 2005 425 2050 cum
448 1987 554 2070 Moyse
577 1987 615 2050 ad
636 1988 837 2071 accipiendam
869 1989 968 2072 legem
1000 1987 1190 2052 ascendebat.
1236 1987 1340 2051 Omnis

241 2099 370 2181 populus
400 2099 476 2186 intra
506 2105 603 2162 costra
635 2106 715 2179 erat,
746 2099 831 2162 lesus
863 2107 948 2162 extra
978 2105 1074 2162 castra
1097 2100 1127 2160 in
1149 2097 1340 2161 tabernaculo

243 2213 411 2277 testimonii.
458 2211 531 2275 Cum
554 2211 689 2276 columna
712 2213 798 2276 nubis
822 2211 1018 2276 descenderet
1034 2217 1064 2274 ct
1078 2211 1251 2292 loqueretur
1273 2229 1340 2274 cum

242 2324 366 2408 bloyse,
399 2325 485 2406 quasi
505 2323 582 2386 fidus
609 2323 743 2388 adstabat
765 2324 914 2402 minister,
936 2335 993 2387 n‘ec
1016 2322 1116 2385 exibat
1138 2321 1175 2385 de
1197 2323 1340 2385 taberna-

243 2436 310 2499 culo
342 2436 475 2515 iuvenis,
510 2455 575 2499 cum
610 2438 747 2500 seniores
781 2437 874 2519 longe
904 2435 992 2516 positi
1025 2434 1122 2498 divina
1157 2433 1341 2516 trepidarent

243 2548 391 2610 miracula.
816 2551 819 2558 ⁴
910 2547 912 2554 ⁴

330 2652 382 2721 99.
427 2657 542 2737 Ubique
571 2657 661 2738 igitur
692 2659 770 2720 inter
801 2657 970 2722 admiranda
1002 2676 1096 2742 opera
1119 2668 1148 2723 et
1173 2658 1341 2723 reverenda

243 2775 359 2836 secreta
381 2775 485 2833 sancto
508 2770 606 2852 blovsi
629 2771 797 2835 individuus
820 2772 1009 2837 adhaerebat.
1047 2772 1131 2837 Unde
1154 2772 1262 2836 lactum
1285 2776 1341 2851 est,

243 2890 275 2946 ut
297 2886 349 2964 qui
369 2883 469 2946 luerat
491 2883 591 2945 socius
614 2884 869 2965 conversationis,
902 2883 987 2949 tieret
1017 2903 1179 2950 successor
1204 2890 1342 2968 potesta·

245 2995 291 3056 tis.
305 2991 338 3078 ²)
375 2995 482 3059 Merito
506 2997 551 3058 vir
574 2995 742 3061 huiusmodi
766 3000 878 3078 evasit,
899 3007 932 3062 ot
956 3000 1076 3062 sisteret
1098 2999 1249 3062 fluminum
1269 3016 1342 3061 our·

245 3122 314 3186 sus,
331 3104 364 3191 ³)
396 3106 525 3170 diceret:
557 3108 620 3172 Stet
641 3111 704 3190 sol,
735 3117 764 3172 et
785 3117 878 3174 staret
900 3113 966 3192 sol,
999 3113 1083 3194 quasi
1105 3113 1170 3175 eius
1193 3117 1343 3194 spectator

244 3219 388 3282 victoriae
410 3225 528 3284 noctem
551 3220 702 3302 differret,
732 3223 809 3287 diem
832 3224 1031 3306 produceret,
1047 3221 1080 3310 ⁴)
1112 3209 1208 3306 quid?
1243 3219 1344 3307 (quod

244 3331 342 3415 Moysi
363 3339 505 3415 negatum
527 3333 593 3417 est)
616 3335 701 3400 solus
722 3337 901 3419 eligeretur,
924 3344 955 3402 ut
976 3338 1117 3421 populum
1139 3337 1345 3402 introduceret

243 3446 274 3508 in
298 3453 407 3508 terram
430 3449 682 3528 repromissionis.
720 3451 846 3534 blagnus
868 3451 915 3513 vir
937 3452 1006 3514 fidei
1029 3452 1196 3531 miraculis,
1218 3467 1344 3534 magnus

246 3556 407 3636 triumphis.
445 3556 524 3620 lllius
540 3559 712 3642 augustiora
736 3578 838 3643 opera,
861 3562 947 3626 huius
971 3565 1174 3645 prosperiora.
1212 3564 1345 3644 Uterque

246 3668 337 3750 igitur
360 3666 459 3732 divina
483 3669 628 3734 subnixus
651 3673 748 3754 gratia
770 3672 847 3735 ultra
877 3673 1034 3736 humanam
1065 3675 1213 3755 processit
1236 3673 1345 3762 condi·

247 3781 381 3857 cionem;
404 3781 453 3844 ille
475 3786 566 3864 mari,
589 3783 638 3848 hic
660 3786 744 3847 caelo
767 3786 930 3868 imperavit.
948 3783 979 3869 ⁵)

246 3937 451 3951 ..Ἢ-...-

321 4043 350 4112 1)
368 4043 450 4098 Exod.
471 4045 514 4114 24,
533 4047 567 4100 19
584 4064 655 4120 seqq.
692 4052 724 4104 ci.
743 4051 788 4117 99,
805 4052 822 4104 8
840 4067 912 4122 seqq.
964 4053 992 4119 2)
1012 4049 1088 4105 Deut.
1107 4052 1151 4121 ot,
1170 4055 1210 4107 9.
1247 4052 1276 4121 9)
1295 4050 1344 4105 los.

248 4128 274 4200 9,
293 4128 325 4180 15
344 4145 416 4202 seqq.
487 4135 517 4201 t)
535 4134 599 4190 lbid.
619 4136 661 4206 10,
681 4137 714 4191 12
732 4154 802 4208 seqq.
871 4139 903 4208 5)
921 4137 1002 4192 Exod.
1023 4140 1066 4207 14,
1085 4141 1127 4194 21.
