2932 4700
352 387 398 444 un
417 385 552 444 orrrcns
571 385 794 444 urursraoauu
810 387 943 445 sunau
1146 367 1189 460 49'

105 547 188 629 quod
210 554 359 614 terrarum
381 569 482 615 ourani
505 569 565 617 non
589 551 703 633 haheat,
725 553 800 618 sicut
822 555 911 618 maris
933 553 983 617 vel
1005 551 1114 616 inferni
1134 570 1195 616 non

102 663 203 727 habet
246 663 283 727 Et
305 665 455 747 quomodo
477 667 534 749 ipsi
557 667 738 748 excludunt,
773 686 849 750 qnos
879 673 1035 748 secuntur,
1067 666 1246 786 poetas?-J

15 839 18 990 i
121 813 129 830 ’
502 867 673 936 parur
707 861 800 938 xiv.

50 1009 62 1024 ”
104 1029 156 1084 Dei
181 1033 352 1100 cognitionem
377 1033 438 1085 nihil
466 1033 555 1103 iugera
583 1042 609 1086 st
632 1036 812 1104 scripturarum
837 1035 986 1088 testimoniis
1004 1043 1030 1088 et
1047 1034 1108 1087 solis
1133 1050 1197 1088 eon-

104 1119 228 1187 probntur
252 1120 386 1188 exemplo,
411 1123 470 1190 qui,
489 1120 556 1190 plicet
574 1131 690 1176 creatura
708 1125 755 1189 sit,
779 1131 862 1175 tannen
880 1123 923 1176 vei
941 1122 1034 1176 lumine
1053 1119 1094 1175 vel
1112 1123 1198 1177 calore

15 1230 23 1400 p
544 1219 634 1264 euncts
654 1220 779 1279 penetrat.
850 1227 862 1244 ,-

197 1349 247 1414 51.
292 1350 431 1433 Sequitur
453 1351 502 1414 illa
524 1355 705 1434 responsio,
731 1360 828 1418 utrum
851 1353 953 1434 deum,
980 1357 1005 1418 si
1029 1355 1129 1438 operis
1153 1355 1200 1419 sui

108 1481 181 1526 cura
214 1482 274 1527 non
306 1467 463 1547 praeterit,
495 1471 663 1548 praetereat
694 1468 846 1552 scientia„
869 1467 951 1551 Ergo
983 1469 1033 1550 qui
1061 1469 1201 1551 plantavit

110 1581 232 1657 autem,
266 1596 328 1642 non
362 1579 458 1660 audit,
492 1585 521 1643 et
555 1582 605 1661 qui
638 1581 730 1644 finxit
755 1581 890 1661 oculum,
922 1600 982 1646 non
1010 1582 1108 1665 videt,
1139 1601 1201 1646 non

15 1683 42 1754 i'·
110 1692 306 1757 considerat?

194 1802 245 1870 52.
289 1807 357 1871 Non
379 1811 531 1890 praeteriit
552 1811 627 1874 haec
647 1829 725 1902 'vana
748 1813 848 1894 opinio
879 1817 998 1876 sanctos
1026 1812 1197 1894 prophetas.

15 1925 16 1932 ’
109 1921 244 2003 Denique
267 1921 362 1985 David
388 1924 499 1987 inducit
522 1943 575 1989 eos
598 1926 774 2008 loquentes,
807 1946 882 2009 quos
913 1927 1052 2008 superbia
1082 1925 1200 1990 inflatos

109 2034 228 2098 adserit.
273 2036 349 2114 Quid
373 2037 451 2098 enirn
477 2042 534 2098 tam
561 2035 738 2118 superbum',
771 2056 857 2119 quarn
884 2057 949 2101 cum
970 2038 1027 2120 ipsi
1048 2037 1103 2100 sub
1125 2055 1201 2118 pec-

112 2154 179 2213 cato
202 2150 280 2229 sint,
304 2151 377 2214 alios
400 2149 521 2233 indigne
544 2149 640 2244 ierant
663 2157 837 2234 peccatores
860 2152 980 2231 vivere,
1004 2150 1152 2212 dicentes:
1170 2145 1201 2234 ι)

115 2263 217 2344 Usque
239 2283 299 2346 pato
317 2273 517 2346 peccatores,
549 2267 691 2343 domine,
724 2285 822 2347 usque
844 2285 904 2348 pcc
925 2271 1109 2344 peccatores
1130 2264 1201 2344 pto-

111 2377 305 2441 ricburatur?
349 2379 385 2443 Et
406 2381 497 2445 inira:
520 2379 562 2442 Et
583 2382 747 2442 dicerunt:
760 2377 792 2465 ²)
816 2380 887 2443 Noc
908 2378 1027 2442 videdit
1047 2377 1201 2457 dominus,

112 2509 210 2573 neque
233 2494 388 2574 intellcpet
409 2496 485 2558 deus
508 2494 614 2559 iacob.
660 2495 772 2569 Quibus
795 2495 958 2576 respondet
986 2493 1131 2575 propheta
1154 2492 1202 2555 di-

15 2647 19 2658 ·
112 2622 202 2668 cens:
219 2602 251 2690 3)
281 2605 451 2688 Intellepr'te
473 2627 556 2671 neoc
579 2607 764 2686 insipientes
787 2607 821 2668 ic
842 2607 957 2686 populo
981 2615 1011 2668 et
1031 2608 1117 2670 stulti
1140 2606 1202 2669 cli-

15 2751 16 2770 1
112 2723 239 2802 quaudo
261 2723 370 2802 sapite.
419 2721 480 2796 Qui
507 2722 666 2802 plantavit
699 2741 820 2799 aurem,
855 2742 919 2785 nort
944 2721 1050 2799 cudit,
1085 2730 1115 2784 ct
1148 2720 1201 2802 poi

110 2835 207 2916 poscit
236 2835 373 2911 oculum,
404 2852 466 2896 cort
496 2833 703 2896 considerat?
749 2833 809 2910 Qor'
846 2835 980 2914 corripit
1005 2843 1111 2916 pentes
1138 2853 1203 2897 ooo

114 2958 240 3030 arpuet,
254 2943 319 3029 ‘pur‘
341 2950 430 3012 docet
452 2947 604 3010 hominem
625 2947 813 3010 scientiam?
856 2949 1009 3012 Dominus
1031 2948 1093 3010 scit
1115 2949 1201 3028 copi-

114 3060 246 3122 tationes
267 3061 423 3123 domicum
445 3060 591 3140 quoniam
610 3078 712 3121 cauae
726 3068 807 3122 suot.
853 3059 911 3135 Qui
926 3080 978 3143 ea,
1001 3079 1202 3144 quaecumque

113 3186 190 3236 vana
206 3179 282 3253 sunt,
306 3172 510 3255 deprehendit,
534 3189 579 3250 ea,
603 3189 679 3252 quae
702 3177 803 3234 sancta
826 3177 903 3253 sant,
925 3175 1021 3236 nescit
1037 3179 1066 3235 et
1085 3173 1203 3256 ignorat

114 3287 194 3369 quod
217 3289 281 3368 ipse
304 3273 399 3349 iecit?
441 3286 542 3348 Potest
565 3303 641 3367 opus
662 3303 747 3348 suum
768 3287 910 3369 ignorare
932 3284 1063 3398 artifex?
1106 3284 1201 3346 Homo

116 3406 162 3464 est
183 3407 214 3463 et
235 3401 265 3463 in
289 3418 381 3482 opere
404 3415 460 3462 suo
483 3398 603 3461 latentia
628 3395 839 3478 deprehendit;
871 3405 901 3460 et
923 3396 995 3460 deus
1019 3413 1094 3478 opus
1117 3411 1202 3458 suum

114 3514 234 3577 nescit?
278 3513 373 3576 Altius
396 3529 471 3596 ergo
498 3509 676 3593 profundum
698 3510 728 3572 in
752 3528 861 3591 opere,
892 3527 980 3591 quarn
1001 3511 1031 3571 in
1054 3507 1201 3571 auctore?

113 3626 151 3690 Et
172 3625 244 3690 iecit
265 3625 389 3708 aliquid,
413 3624 492 3707 quod
511 3621 602 3706 supra
617 3642 651 3686 so
666 3630 762 3703 esset,
786 3624 869 3686 cuius
891 3623 1025 3685 meritum
1047 3622 1201 3705 ignoraret

114 3745 235 3820 auctor,
259 3740 343 3802 cuius
366 3737 502 3801 affectum
524 3737 654 3799 nesciret
676 3717 810 3798 arbiter?
854 3735 935 3798 Haec
958 3735 1023 3799 illis.

203 3851 255 3918 53.
303 3851 440 3960 Ceterum
455 3851 541 3916 nobis
557 3851 627 3914 satis
643 3857 690 3914 est
703 3849 796 3932 ipsius
811 3851 1019 3932 testimonium,
1037 3851 1087 3932 qui
1101 3851 1155 3914 ait:
1168 3845 1201 3935 4)

118 4013 322 4023 ...-———-——

80 4118 85 4123 '
185 4117 417 4190 1)1³sn1m.93,3.
486 4116 710 4190 2)1’sslm.93,7.
781 4119 811 4191 3)
829 4119 892 4174 lhid.
905 4136 929 4174 v.
941 4119 959 4173 8
970 4135 1025 4191 seq.
1093 4119 1122 4188 d)
1137 4118 1200 4172 iiie-

113 4223 176 4264 rern.
191 4207 233 4276 1⁷,
248 4206 288 4261 to.
558 4232 564 4247 ι

167 4309 326 4374 duruerunt·
477 4312 485 4340 ³
974 4302 996 4368 4
