2932 4700
186 349 229 418 14
630 353 655 410 S.
673 353 830 410 suetoso

184 511 258 579 falsa
288 533 344 598 pro
374 516 455 580 veris
485 515 616 596 ducere,
650 533 712 580 non
745 517 882 582 obscuris
911 535 986 582 vera
1016 517 1191 598 involvere,
1223 536 1284 582 non

183 629 341 711 superlluis
355 631 404 692 vel
420 630 547 711 inplexis
571 635 659 711 atque
683 630 828 714 ambiguis
851 649 1003 714 occupare
1026 632 1162 695 animum.
1207 631 1283 706 Quid

183 751 243 807 tam
267 744 452 823 indecorum,
476 761 563 825 quarn
588 744 728 805 venerari
750 742 840 826 ligna,
864 745 943 826 quod
960 745 1016 827 ipsi
1033 744 1168 808 faciunt?
1206 743 1284 818 Ouid

182 861 240 921 mm
272 860 446 937 obscumm,
482 874 568 937 quam
599 855 638 918 de
669 859 850 920 astronomia
882 865 912 920 et
943 858 1111 941 geometria
1145 863 1284 937 motare,

184 969 265 1051 quod
287 971 432 1052 probant,
456 973 486 1032 et
507 968 657 1050 profunda
673 970 752 1032 acris
767 971 862 1052 spatia
885 972 1003 1050 metiri,
1026 971 1140 1033 caelum
1163 988 1285 1052 quoque

184 1090 213 1146 et
234 1101 316 1146 more
338 1084 468 1145 numeris
491 1081 670 1160 includere;
693 1083 864 1164 relinquere
887 1101 1006 1147 causam
1030 1084 1148 1164 salutis,
1172 1085 1285 1148 erroris

183 1197 358 1281 quaerere?

273 1308 344 1375 123.
389 1312 438 1374 An
461 1328 521 1375 non
544 1312 594 1375 ille
616 1311 749 1375 eruditus
764 1313 795 1374 in
811 1313 891 1375 omni
909 1313 1052 1394 sapientia
1068 1311 1285 1396 Aegyptiorum

182 1425 307 1507 Moyses
331 1425 471 1505 probavit
492 1425 574 1488 ista?
619 1424 679 1489 Sed
712 1425 790 1487 illam
822 1426 995 1508 sapientiam
1027 1425 1234 1489 detrimentum
1258 1431 1287 1486 et

183 1537 334 1600 stultitiam
365 1537 507 1600 iudicavit
538 1543 567 1599 et
596 1555 721 1600 aversus
755 1536 791 1598 ab
822 1555 858 1598 ea
888 1538 989 1599 intimo
1020 1536 1107 1600 deum
1141 1535 1288 1616 quaesivit

185 1650 294 1716 affectu
318 1650 449 1732 ideoque
465 1651 554 1730 vidit,
577 1650 794 1734 interrogavit,
817 1649 929 1713 audivit
950 1652 1129 1731 loquentem.
1145 1646 1176 1731 ¹]
1212 1648 1287 1723 Quis

186 1765 282 1848 magis
306 1766 444 1846 sapiens,
468 1781 556 1844 quarn
579 1762 645 1842 ille,
670 1780 757 1842 quem
781 1763 882 1825 docuit
905 1761 997 1840 deus,
1021 1762 1071 1842 qui
1094 1778 1211 1823 omnem
1233 1777 1287 1823 sa-

185 1877 327 1959 pientiam
349 1874 569 1958 Aegyptiorum
600 1890 765 1954 omnesque
796 1875 900 1936 artium
930 1875 1077 1955 potentias
1107 1874 1209 1954 operis
1241 1873 1287 1936 sui

183 1991 294 2053 virtute
318 1987 478 2051 vacuavit?
522 1987 589 2050 Non
606 1986 653 2048 hic
670 1985 820 2066 incognita
841 2003 896 2067 pro
920 1986 1049 2068 cognitis
1072 1985 1199 2048 habebat
1220 1984 1286 2047 his-

184 2121 242 2186 que
271 2109 384 2164 temere
413 2100 657 2178 adsenticlmtur3¹
685 2118 763 2180 quac
785 2099 845 2163 duo
869 2099 898 2161 in
921 2099 980 2163 hoo
1004 2100 1130 2162 maxime
1162 2098 1287 2164 naturali

183 2222 272 2296 atque
303 2215 431 2279 honesto
458 2213 527 2275 loco
549 2210 669 2274 vitando
701 2211 816 2274 discant
846 2212 897 2292 qui
932 2210 988 2273 sibi
1020 2227 1077 2274 neo
1100 2218 1205 2275 eontra
1227 2228 1286 2273 na·
1316 2244 1320 2250 ·

183 2335 279 2393 turam
302 2346 385 2408 esse,
418 2345 475 2390 neo
497 2332 583 2407 turpe
612 2325 742 2390 iudicant
772 2343 845 2388 saxa
876 2324 1005 2389 adorare
1028 2330 1059 2386 et
1081 2343 1097 2386 a
1120 2324 1285 2388 simulacris

185 2443 324 2505 auxilium
347 2448 467 2523 petere,
490 2458 569 2520 quae
591 2439 661 2502 nihil
684 2441 821 2502 sentiant.

275 2550 345 2616 lad.
392 2553 508 2626 Quanto
541 2552 631 2634 igitur
654 2551 805 2614 excelsior
828 2552 923 2613 virtus
947 2557 993 2612 est
1015 2552 1177 2634 sapientia,
1204 2557 1286 2615 tanto

184 2669 279 2750 magis
309 2664 481 2727 enitendum
510 2665 653 2744 arbitror,
684 2671 716 2728 ut
738 2664 863 2745 adsequi
891 2683 955 2727 eam
979 2667 1138 2746 possimus.
1183 2667 1286 2748 ltaque

184 2778 311 2861 nequid
334 2785 437 2842 eontra
461 2785 612 2857 naturam,
635 2797 674 2842 oe
698 2777 768 2859 quid
792 2785 877 2860 turpe
901 2785 990 2860 atque
1012 2778 1189 2844 indecorum
1210 2797 1285 2843 sen-

185 2895 305 2973 tiamus,
329 2892 389 2955 duo
412 2894 503 2972 haec,
532 2894 562 2956 id
586 2899 646 2972 est,
674 2900 704 2955 et
725 2901 841 2975 tempus
864 2900 895 2954 et
916 2893 1096 2977 diligentiam
1119 2893 1157 2956 ad
1180 2895 1285 2958 cousi-

185 3004 371 3067 derationem
394 3022 494 3067 rerum
517 3005 704 3068 examinandi
725 3006 823 3086 gratia
846 3003 988 3068 conferre
1012 3005 1163 3070 debemus.
1195 3006 1286 3070 ¹Nihil

185 3124 231 3182 est
253 3119 340 3198 enim,
364 3136 424 3199 quo
444 3119 538 3202 magis
562 3119 651 3181 homo
676 3119 787 3181 ceteris
810 3119 1007 3183 animantibus
1030 3127 1172 3203 praestet,
1197 3139 1284 3202 quam

184 3230 265 3313 quod
295 3231 418 3294 rationis
449 3236 495 3293 est
517 3230 683 3311 particeps,
716 3247 822 3293 causas
853 3248 954 3293 rerum
986 3236 1129 3316 requirit,
1163 3235 1285 3318 generis

185 3348 232 3410 sui
264 3353 416 3408 auctorem
448 3344 690 3428 investigandum
719 3350 817 3426 putat,
848 3345 877 3405 in
910 3348 994 3408 cuius
1025 3355 1174 3428 potestate
1207 3349 1286 3411 vitae

185 3460 330 3541 necisque
364 3467 484 3524 nostrae
516 3465 649 3542 potestas
676 3460 732 3538 sit,
768 3459 818 3540 qui
849 3461 989 3525 mundum
1018 3462 1098 3526 huno
1127 3479 1183 3526 suo
1212 3468 1286 3526 nutu

184 3582 280 3656 regat,
303 3576 351 3638 cui
368 3577 496 3639 sciamus
511 3576 658 3640 rationem
674 3591 743 3637 esse
759 3573 942 3638 reddendam
965 3582 1135 3639 nostrorum
1159 3582 1284 3638 actuum.

184 3687 263 3750 Nihil
286 3695 333 3751 est
355 3691 444 3770 enirn,
467 3689 547 3770 quod
571 3691 664 3771 magis
688 3689 822 3770 proficiat
838 3688 875 3751 nd
895 3691 984 3753 vitam
1008 3690 1172 3768 honestam,
1197 3707 1285 3770 quom

184 3806 217 3864 ut
239 3801 396 3864 credamus
420 3821 487 3866 eum
510 3801 638 3866 iudicem
662 3801 810 3883 futurum,
838 3819 927 3882 quern
951 3808 981 3865 et
1002 3803 1118 3867 occulta
1140 3820 1202 3867 uon
1225 3801 1284 3866 fol-

184 3913 245 3977 lunt
268 3920 298 3976 et
320 3912 462 3979 iudeooro
487 3916 640 3980 offendant
662 3923 692 3979 et
716 3917 842 3980 honesto
864 3915 1022 3978 delectent.

187 4065 389 4075 ---.

255 4151 283 4223 1)
301 4151 387 4210 Erod.
406 4151 432 4223 ³,
453 4154 465 4206 1
486 4158 557 4228 seqq.
