2932 4700
398 341 990 426 onormcnsmnnrnonouenmr.
1198 373 1237 442 41

145 534 239 616 dere,
268 540 301 597 ut
322 533 383 599 duo
407 538 586 598 concurrant
607 531 733 596 honeste
756 537 788 594 et
809 529 868 596 duo
891 531 990 611 utilia,
1020 540 1050 596 et
1073 538 1241 614 quaeratur,

146 649 219 730 quid
248 649 403 714 honestius
427 656 457 712 et
480 647 550 730 quid
575 647 684 710 utilius.
728 645 854 709 Primum
884 645 974 730 igitur
997 645 1026 710 in
1049 653 1111 710 tres
1140 654 1241 730 perles

147 762 279 828 officium
306 761 454 843 dividitur,
477 762 637 828 honestum
657 767 687 824 ct
709 760 779 824 utile
795 768 825 826 et
843 761 913 843 quid
935 763 1141 845 praestantius.
1178 764 1244 827 De-

148 874 218 940 indc
241 876 316 938 haec
338 877 393 939 trie
416 877 446 939 in
470 877 601 958 quinque
624 891 739 958 genera
771 873 952 954 diviserunt,
982 876 1012 938 in
1036 874 1094 940 duo
1118 876 1244 940 honesta

149 995 180 1052 ct
203 988 262 1052 duo
286 989 367 1054 utilia
390 997 420 1053 et
442 990 572 1074 eligendi
594 988 742 1052 iudicium.
788 987 883 1052 Prima
903 988 1056 1069 pertinere
1083 988 1183 1054 dicunt
1204 989 1242 1053 od

150 1102 243 1166 decus
267 1102 512 1186 honestatemque
536 1105 630 1184 vitae,
663 1101 795 1167 secunda
817 1102 855 1164 ad
880 1103 959 1167 vitae
982 1103 1152 1184 commoda,
1188 1122 1245 1168 oo-

149 1217 232 1300 pies‚
266 1235 360 1299 opes,
394 1218 564 1297 facultatem
599 1217 637 1281 de
670 1217 716 1282 his
748 1217 902 1302 elegendis
935 1219 1062 1284 subesse
1095 1218 1243 1284 indicium.

116 1393 122 1404 ,
150 1330 231 1396 llaec
253 1331 303 1395 illi.

238 1440 290 1508 28.
334 1445 398 1508 Nos
428 1452 527 1508 autem
557 1444 627 1507 nihil
654 1445 790 1525 omnino,
823 1445 880 1508 nisi
903 1445 984 1526 quod
1007 1446 1112 1510 deceat
1134 1454 1164 1510 et
1186 1447 1246 1512 ho-

151 1565 267 1624 nestum
289 1561 344 1639 sit,
367 1559 534 1623 futurorum
556 1560 668 1644 magis,
690 1578 776 1640 quem
799 1563 999 1643 praesentium
1023 1562 1158 1624 metimur
1179 1561 1247 1627 lor-

152 1673 245 1757 mulaq
275 1673 407 1755 nihilque
429 1672 517 1751 utile,
539 1673 597 1736 nisi
620 1672 702 1752 quod
724 1671 762 1734 ad
784 1674 864 1736 vitae
888 1673 965 1737 illins
989 1681 1128 1738 aeternae
1151 1677 1247 1758 prosit

152 1791 294 1874 gretiam,
330 1789 500 1866 definimus,
535 1805 596 1850 non
630 1787 709 1870 quod
742 1788 779 1851 ad
813 1787 1040 1853 delectationem
1071 1790 1247 1870 praesentis.

151 1904 258 1986 Neque
289 1903 384 1984 eliqua
417 1904 571 1968 commoda
601 1903 632 1964 in
663 1902 849 1995 facultatibus
872 1911 903 1967 et
926 1905 1020 1987 copiis
1047 1923 1137 1986 opum
1167 1922 1247 1968 con-

152 2019 317 2098 stiluimus,
350 2018 404 2082 sed
428 2017 614 2082 incommoda
639 2017 720 2080 haec
750 2025 905 2099 putamus,
936 2019 963 2081 si
986 2036 1046 2082 non
1077 2019 1246 2099 reicientur,

154 2151 249 2214 enque
283 2134 384 2212 oneri,
418 2153 485 2196 cum
518 2136 594 2212 sint,
629 2133 778 2196 aestimari
811 2133 922 2215 magis,
957 2151 1043 2212 quam
1080 2131 1246 2214 dispendio,

154 2265 220 2311 cum
244 2254 415 2332 erogantur.

242 2357 293 2426 29.
338 2361 405 2425 Non
428 2360 609 2444 supcrllunm
632 2361 720 2444 igitur
749 2360 919 2442 scriptionis
947 2367 1069 2423 nostrae
1092 2365 1138 2424 est
1161 2309 1284 2442 opus,-²

155 2450 224 2554 quia
247 2470 377 2536 officium
397 2472 515 2537 diversa
538 2473 725 2537 aestimamus
760 2472 865 2556 regula
888 2480 976 2554 atque
999 2473 1040 2536 illi
1068 2474 1248 2538 aestimave-

155 2592 232 2650 runt.
277 2585 320 2648 llli
342 2587 455 2650 saeculi
485 2586 639 2650 commoda
662 2589 799 2652 inbonis
823 2587 951 2668 ducunt,
984 2605 1041 2650 nos
1064 2589 1139 2652 haec
1162 2589 1248 2652 etiam

155 2701 407 2781 indetrimeutis,
438 2705 592 2784 quoniam,
623 2705 673 2784 qui
695 2703 742 2766 hic
773 2703 878 2785 recipit
899 2703 996 2782 bona,
1027 2708 1058 2764 ut
1082 2703 1131 2764 ille
1155 2701 1249 2782 divos,

153 2817 214 2880 illic
236 2817 383 2880 cruciatur
391 2838 400 2893 ;
425 2823 455 2879 et
476 2818 622 2898 Lazarum
647 2819 697 2898 qui
720 2820 795 2881 mala
818 2818 866 2880 hie
889 2817 1025 2899 pertulit,
1052 2816 1111 2880 illic
1134 2834 1249 2880 conso·

155 2930 296 2993 lationem
318 2929 438 2993 invenit.
454 2924 484 3012 ¹)
522 2929 638 2993 Deinde
654 2930 703 3010 qui
720 2930 768 2992 illa
784 2948 844 2993 non
866 2930 986 3012 legunt,
1010 2938 1113 2994 nostra
1135 2930 1249 3014 legent,

155 3045 182 3107 si
204 3045 321 3121 volenl3
355 3043 407 3124 qui
430 3059 490 3104 non
514 3045 683 3106 sermonum
706 3041 938 3123 supellectilem,
961 3061 1060 3122 neque
1083 3048 1175 3106 artem
1199 3042 1249 3106 di-

158 3154 263 3235 cendi,
284 3154 339 3219 sed
360 3155 523 3236 simplicem
545 3172 646 3218 rerum
670 3155 829 3236 exquirunt
850 3155 983 3237 qratiam.

582 3354 756 3422 CAPUT
783 3357 826 3422 X.

157 3519 229 3573 Prius
241 3520 266 3571 in
278 3521 357 3572 sacris
376 3518 466 3570 litteris
486 3520 614 3589 decorum,
633 3524 746 3595 quamnim
762 3520 969 3590 philosophorum
982 3520 1051 3574 libris
1064 3521 1249 3591 frequentatum

158 3622 228 3659 esse:
247 3605 416 3675 Pythagoram
434 3605 528 3658 silentii
542 3610 582 3660 sui
594 3608 678 3678 legem
691 3617 829 3661 mutuatum
843 3626 857 3660 a
871 3608 987 3674 Davide3
1007 3609 1052 3661 scd
1072 3609 1146 3660 huius
1165 3617 1248 3662 tamen

227 3701 357 3761 praestare
377 3692 551 3762 disciplinam,
571 3710 627 3746 cum
644 3697 751 3763 primum
770 3695 879 3748 officium
896 3696 928 3747 sit
945 3693 1065 3764 loquendi
1082 3695 1180 3747 modus.

247 3831 297 3898 30.
342 3837 493 3901 Decorum
515 3844 613 3900 autem
635 3839 664 3900 in
688 3838 798 3902 nostris
820 3837 972 3919 scripturis
995 3838 1089 3919 primo
1112 3803 1285 3902 constitui]

160 3951 250 4030 loco,
282 3950 362 4029 quod
386 3950 499 4014 Graece
530 3945 655 4037 πρέπον
685 3952 806 4032 dicitur,
841 3953 1011 4016 instruimur
1041 3959 1072 4016 et
1099 3950 1249 4032 docemur,

162 4103 369 4113 m

231 4189 460 4270 qmmm
