2932 4700
207 363 248 432 pp
659 361 685 416 s.
704 359 860 417 ananum

206 527 257 590 ubi
281 525 406 608 primum
430 539 538 586 sensus
563 521 675 586 infundi
698 521 847 604 coeperit,
882 521 969 584 vtum
1001 537 1132 584 amamus
1161 527 1307 604 tamquam

208 641 256 704 dei
279 655 402 715 munus,
435 637 558 719 patriam
588 642 789 718 parentesque
821 634 984 716 diligimus,
1017 634 1125 698 deinde
1156 636 1308 720 aequales,

207 751 313 832 quibus
337 748 446 812 sociari
468 749 611 829 cupimus.
656 747 731 809 llinc
753 747 860 809 caritas
880 746 1030 826 nascitur,
1052 765 1130 828 quae
1153 749 1227 812 alios
1250 747 1307 812 sibi

206 861 352 944 praefert,
384 879 445 925 non
468 877 618 941 quaerens
648 879 726 940 quae
748 879 802 923 sua
825 866 909 939 sunt,
938 862 968 922 in
992 861 1098 941 qulbus
1122 869 1169 926 est
1190 863 1307 944 princi-

205 983 292 1057 patus
314 974 451 1037 iustitiae.

295 1085 367 1150 128.
412 1084 556 1148 Omnibus
588 1101 709 1165 quoque
747 1083 944 1148 animantibus
982 1086 1145 1149 innascitur
1182 1087 1307 1168 primum

206 1199 332 1265 salutern
354 1201 449 1278 tueri,
484 1217 593 1262 cavere
623 1217 701 1280 quae
725 1207 872 1279 noceant,
907 1205 1051 1281 expetere
1074 1218 1150 1281 quae
1174 1202 1308 1282 prosint:

208 1321 241 1380 ut
263 1321 395 1396 pastum,
418 1318 449 1376 ut
470 1313 606 1393 latibula,
637 1313 745 1393 quibus
768 1331 802 1376 se
825 1332 842 1376 a
865 1315 1018 1394 periculo,
1051 1314 1209 1394 imbribus,
1242 1315 1308 1379 sole
1372 1346 1379 1359 ·

208 1427 383 1506 defendant,
406 1427 487 1507 quod
507 1433 554 1489 est
570 1426 754 1508 prudentiae.
799 1427 939 1492 Succedit
961 1445 1099 1509 quoque,
1124 1433 1155 1491 ut
1178 1429 1308 1492 omnium

206 1559 321 1624 genera
352 1541 540 1603 animantium
573 1541 797 1624 congregabilia
828 1547 931 1604 natura
953 1543 1030 1620 sint,
1059 1543 1156 1624 primo
1184 1542 1308 1624 generis

208 1657 257 1719 sui
279 1675 314 1718 ac
330 1654 445 1717 iormae
468 1655 669 1732 consortibus,
691 1660 752 1716 tum
769 1655 854 1716 etiam
871 1656 1046 1734 ceteris-ut
1060 1656 1157 1718 boves
1172 1654 1309 1718 ridemus

207 1769 364 1846 armentis,
397 1785 492 1848 equos
515 1769 660 1852 gregibus
686 1774 714 1830 et
737 1769 864 1830 maxime
886 1786 975 1850 pares
998 1769 1119 1849 paribus
1147 1768 1308 1847 delectari;

105 1903 107 1906 ·
208 1898 317 1943 cervos
344 1899 466 1962 quoque
494 1883 592 1946 cervis
616 1889 646 1946 et
668 1883 843 1964 plerumque
873 1882 1041 1945 bominibus
1073 1882 1204 1965 adiungi.
1249 1882 1307 1944 lam

208 1993 246 2056 de
269 1995 447 2076 procreandi
470 1995 569 2058 studio
593 2003 621 2058 et
644 1996 765 2074 sobole,
789 1996 837 2058 vel
862 1996 949 2058 etiam
972 1995 1181 2076 generantium
1204 2013 1308 2058 arnone

208 2106 278 2202 quid
299 2103 423 2188 loquar,
446 2110 475 2170 in
499 2128 559 2190 qno
583 2117 629 2172 est
652 2109 746 2173 lorma
769 2110 896 2172 iustitiae
920 2108 1106 2190 praecipua?

296 2217 366 2286 129.
411 2221 517 2302 Liquet
540 2225 630 2306 igitur
653 2229 682 2285 et
703 2224 758 2286 bas
782 2229 811 2285 et
832 2223 963 2304 reliquas
987 2228 1131 2305 cognatas
1155 2222 1211 2284 sibi
1236 2238 1306 2284 esse

207 2336 352 2397 virtutes:
382 2336 527 2416 siquidem
556 2343 587 2398 et
616 2337 775 2416 fortitudo,
808 2356 885 2418 quae
915 2337 962 2399 vel
993 2337 1022 2400 in
1055 2335 1134 2399 bello
1164 2341 1263 2398 tuetur
1290 2355 1306 2398 a

205 2448 340 2510 barbaris
363 2449 501 2530 patriam,
525 2447 573 2510 vel
596 2447 675 2511 domi
699 2448 834 2511 defendit
856 2447 1005 2528 inlirmos,
1029 2447 1079 2510 vel
1100 2465 1118 2508 a
1140 2446 1305 2510 latronibus
1369 2458 1373 2466 ’

206 2559 327 2636 socios,
355 2559 442 2640 plena
466 2559 503 2620 sit
525 2559 670 2636 iustitiae;
689 2566 735 2646 ,et
757 2561 835 2622 scire
858 2578 919 2640 quo
943 2560 1068 2622 consilio
1091 2558 1233 2622 defendat
1255 2565 1305 2622 at-

207 2689 266 2752 que
289 2671 426 2749 adiuvet,
450 2676 571 2752 captare
594 2671 681 2732 etiam
705 2677 869 2751 temporum
888 2679 916 2734 et
933 2671 1066 2735 locorum
1090 2670 1307 2752 oportunitates

206 2784 383 2866 prudentiae
399 2801 434 2845 ac
450 2781 615 2845 modestiae
630 2783 683 2858 sit;
707 2788 736 2844 et
760 2784 952 2862 temperantia
976 2785 1038 2865 ipsa
1062 2785 1128 2847 sine
1150 2784 1307 2867 prudentia

206 2897 326 2960 modum
349 2897 428 2960 scire
450 2915 511 2960 non
534 2898 647 2979 possit;
683 2899 912 2979 oportunitatem
938 2916 1067 2962 noscere
1091 2907 1120 2962 et
1142 2898 1306 2963 secundum

206 3027 375 3074 mensuram
397 3010 527 3074 reddere
550 3013 588 3074 sit
610 3013 756 3087 iustitiae;
788 3019 818 3075 et
840 3014 869 3074 in
894 3013 1029 3076 omnibus
1053 3014 1117 3076 istis
1147 3014 1306 3097 magnani-

206 3126 291 3188 mitas
314 3129 485 3189 necessaria
508 3127 546 3188 sit
569 3132 599 3188 et
621 3127 764 3206 quaedam
797 3126 939 3191 fortitudo
971 3129 1097 3207 mentis,
1129 3129 1306 3210 plerumque

207 3247 237 3302 et
259 3241 414 3322 corporis,
437 3246 469 3302 ut
491 3240 557 3320 quis
579 3239 659 3320 quod
683 3241 755 3303 velit
779 3241 895 3321 inplere
918 3242 1019 3321 possit.
1203 3213 1208 3222 ι

574 3439 745 3505 CAPUT
779 3439 939 3506 XXVIII.

208 3578 363 3630 Societatem
390 3586 508 3630 constare
527 3579 621 3629 iustitia
642 3585 668 3630 et
686 3578 867 3642 benolicentia3
893 3578 959 3630 illius
985 3587 1072 3646 partes
1099 3579 1160 3630 duas
1186 3576 1307 3630 ultionem

207 3674 233 3717 et
251 3668 375 3732 privatam
394 3667 582 3733 possessionem
597 3682 611 3717 a
625 3665 771 3717 Christianis
790 3681 841 3717 non
861 3669 980 3736 agnosci;
1000 3665 1069 3734 quod
1087 3680 1149 3718 vero
1172 3664 1307 3718 derorum

209 3756 388 3804 communitate
407 3768 437 3804 ac
456 3762 543 3805 mutuo
566 3753 656 3805 auxilio
676 3755 777 3805 tradunt
796 3754 888 3820 Stoici,
915 3755 965 3808 boc
983 3771 1028 3806 eos
1048 3769 1062 3805 e
1080 3753 1210 3822 scripturis
1229 3756 1307 3806 sacris

207 3845 334 3891 mutuatos
361 3853 426 3890 esse.
464 3839 576 3903 Quantus
602 3841 711 3891 iustitiae
739 3840 859 3908 splendor
879 3849 905 3892 et
923 3843 1023 3911 quinam
1049 3840 1149 3908 scopuli
1176 3855 1305 3892 accessum

591 3928 623 3978 ad
642 3927 711 3979 illam
730 3927 917 3996 praepediant?

278 4036 368 4110 Ι130.
413 4040 523 4104 lustitia
547 4043 637 4124 igitur
660 4041 696 4105 ad
721 4043 895 4105 societatem
923 4045 1045 4125 generis
1074 4043 1193 4104 humani
1216 4040 1305 4103 etad

208 4154 443 4219 communitatem
466 4155 606 4218 refertur.
651 4155 807 4221 Societatis
831 4156 909 4223 enim
923 4156 1006 4218 ratio
1030 4155 1169 4226 dividitur
1184 4157 1213 4218 in
1231 4153 1304 4218 duas
