2976 4706
206 341 269 409 pm
659 337 873 394 summ

203 499 352 566 munionis
394 498 558 582 perieulum
597 505 661 580 est,
708 500 796 564 etiam
840 498 1027 566 dissimulare
1065 506 1220 583 peoeatum
1263 506 1310 565 est

203 616 273 680 non'
287 614 365 678 leve.

599 791 772 858 CAPUT
799 788 910 858 XXV.

202 935 333 990 Banadeia
360 937 386 989 in
415 951 544 1004 pauperes
570 936 655 1003 potius
680 934 851 1001 numeranda,
881 951 956 1005 quam
981 936 1006 988 iu
1031 936 1140 1004 divitea3
1169 937 1216 992 laos
1242 939 1308 992 enim

202 1031 247 1076 aut
264 1024 408 1092 quaesitam
426 1038 485 1075 aaa
504 1022 622 1075 beneficii
639 1021 722 1074 uicem
740 1030 845 1088 putare,
864 1031 906 1074 aut
925 1021 1070 1091 indignari,
1088 1023 1156 1092 quod
1174 1024 1309 1077 videantur

201 1109 262 1162 ltine
288 1109 349 1162 lacti
375 1108 525 1172 debitorem
556 1122 684 1177 pauperes
710 1123 774 1161 varo
800 1115 827 1160 at
851 1107 994 1162 debitore·
1012 1125 1058 1178 pro
1077 1126 1107 1162 se
1125 1110 1200 1163 deum
1226 1111 1308 1180 ipsum

202 1197 358 1250 eomtituare
382 1203 408 1248 et
433 1193 543 1248 libenter
570 1203 677 1264 accepta
703 1195 826 1248 beneficia
855 1195 979 1249 confiteri.
1024 1194 1123 1261 Quibus
1148 1196 1250 1250 additur
1275 1195 1308 1250 ad

512 1282 638 1350 pecuniae
656 1287 830 1348 contemptum
848 1278 1000 1334 adhortatio.

292 1400 365 1470 126.
410 1403 487 1478 Quid
519 1411 619 1468 autem
648 1402 701 1468 tibi
729 1401 854 1486 prodest
883 1403 988 1467 lavere
1015 1403 1124 1468 diviti?
1167 1405 1216 1470 An
1238 1406 1309 1489 quio

202 1518 290 1584 eitius
311 1524 458 1582 amantem
489 1518 722 1583 remuneratur?
764 1517 818 1580 llis
843 1516 922 1580 enim
945 1516 1081 1582 lavamus
1110 1517 1308 1600 frequentius,

202 1630 353 1713 aquibus
378 1629 560 1694 referendae
587 1630 686 1693 vicem
714 1646 871 1711 speremus
897 1629 1022 1714 gratiae.
1067 1631 1127 1697 Sed
1150 1649 1189 1695 eo
1211 1631 1307 1714 mugla

201 1746 319 1812 infirmo
342 1753 373 1812 et
395 1746 479 1829 inopi
501 1762 559 1810 nos
581 1745 705 1809 studere
728 1745 886 1824 convenit,
916 1743 986 1826 quia
1007 1761 1064 1826 pru
1085 1761 1142 1824 eo,
1172 1744 1223 1826 qui
1245 1761 1308 1808 nou

200 1859 300 1940 lubet,
320 1859 594 1924 remunerationem
616 1875 773 1940 speramus
788 1877 805 1922 a
823 1857 944 1922 domino
966 1858 1045 1938 lesu,
1068 1859 1118 1939 qui
1134 1858 1189 1921 sub
1205 1858 1309 1940 specio

201 1969 333 2036 convivii
354 1967 382 2056 ¹)
413 1969 589 2054 generalem
618 1969 736 2033 virtutis
769 1969 860 2032 edidit
893 1969 1033 2050 formem,
1067 1975 1100 2033 ut
1130 1969 1175 2034 luis
1208 1972 1308 2053 potius
1363 2045 1366 2052 ,

200 2089 305 2148 nostru
334 2081 525 2147 conseramus
556 2082 720 2162 beneficia,
752 2083 803 2164 qui
832 2081 919 2147 nobis
942 2101 978 2146 ea
1000 2100 1061 2145 non
1093 2089 1221 2165 possunt
1250 2101 1307 2147 re-

200 2203 414 2280 praesentare,
444 2195 558 2260 dooens
581 2195 618 2260 ud
642 2195 812 2260 convivium
835 2203 925 2277 atque
948 2195 1053 2278 epulas
1076 2214 1137 2259 non
1160 2213 1234 2274 eos,
1256 2194 1307 2277 qui

200 2309 308 2374 divites
338 2315 421 2388 sunt,
454 2307 509 2372 sed
539 2324 689 2391 pauperes
721 2306 901 2370 inuitandos.
945 2306 1062 2370 Diuites
1092 2307 1171 2370 enim
1202 2305 1307 2391 rogari

200 2420 358 2499 videntur,
386 2426 420 2495 ut
441 2419 496 2502 ipsi
519 2437 641 2501 quoque
663 2419 750 2482 nobis
773 2418 899 2483 reddant
927 2419 1114 2483 convivium:
1145 2434 1306 2501 pauperes,

201 2533 354 2614 quianon
376 2531 487 2597 habent
508 2534 589 2615 quod
610 2534 784 2614 restituant,
815 2553 881 2597 cum
907 2534 1095 2615 acceperint,
1124 2551 1306 2596 remunera-

199 2650 298 2708 torem
325 2642 413 2707 nobis
444 2644 555 2708 iaciunt
582 2643 750 2726 dominum,
784 2645 835 2726 qui
857 2661 893 2708 se
915 2663 971 2727 pro
1000 2663 1135 2728 paupere
1163 2645 1306 2728 obligan-

200 2756 271 2820 dum
293 2751 406 2822 obtulit.

288 2864 361 2933 127.
405 2867 452 2931 lld
475 2868 572 2950 ipsum
604 2884 726 2949 quoque
758 2868 872 2932 sueouli
894 2885 981 2931 usum
1003 2869 1132 2933 conlatio
1166 2867 1305 2933 beneficii

199 2980 277 3044 laeta
299 2980 329 3043 in
352 2997 501 3062 pauperes
529 2981 640 3064 magis,
663 2999 751 3062 quum
773 2981 804 3044 in
824 2981 989 3064 locupletes
1012 2983 1079 3064 plus
1102 2982 1199 3061 iuvet,
1234 2983 1305 3064 quia

199 3085 285 3154 dives
308 3089 487 3174 dedignatur
508 3092 686 3156 beneficium
701 3099 731 3156 et
746 3091 838 3175 pudet
856 3111 924 3156 eum
946 3093 1114 3158 debitorem
1137 3111 1207 3158 esse
1228 3112 1304 3178 gra-

198 3198 267 3266 tiae.
314 3203 391 3278 Quin
425 3204 512 3266 etiam
542 3204 590 3283 id,
623 3203 704 3285 quod
739 3203 887 3268 oonlutum
916 3209 963 3268 est
991 3205 1064 3286 sibi,
1099 3206 1211 3268 meritis
1241 3206 1304 3268 suis

85 3319 86 3322 ’
199 3321 339 3396 arrogat,
363 3313 444 3395 quod
467 3315 551 3378 velut
572 3315 703 3378 debitum
725 3315 892 3396 acceperit,
919 3316 968 3379 vel
991 3316 1060 3381 ideo
1084 3317 1182 3381 datum
1204 3319 1303 3385 sileo

198 3425 279 3508 quod
304 3428 347 3507 is,
372 3428 423 3508 qui
446 3426 544 3507 dedit,
568 3425 754 3490 reddendum
776 3425 834 3490 sibi
856 3444 874 3489 a
895 3425 987 3490 diuite
1008 3429 1130 3493 uberius
1146 3430 1303 3493 existima·-

196 3540 285 3603 verit
329 3539 372 3602 ltu
394 3540 425 3602 in
448 3538 623 3621 accipiendo
653 3539 818 3620 benefitio,
851 3556 889 3603 eo
918 3541 985 3624 ipso
1019 3543 1101 3623 quod
1132 3543 1304 3625 acceperint

197 3651 324 3732 divites,
353 3651 475 3716 dedisse
498 3669 533 3714 se
554 3650 650 3735 magis
674 3668 763 3732 quam
786 3652 942 3732 accepisse
965 3653 1138 3718 existimant
1145 3675 1155 3731 ;
1188 3670 1304 3737 puuper

196 3783 273 3830 uero
295 3766 352 3829 etsi
374 3784 436 3831 non
461 3764 550 3830 habet
580 3749 661 3828 unde
693 3763 798 3828 reddat
832 3764 1006 3847 pecuniam,
1041 3765 1136 3830 relert
1168 3768 1303 3850 gratiam.

196 3877 230 3941 ln
252 3897 313 3960 quo
336 3886 450 3943 eertum
465 3886 513 3944 est
531 3878 612 3960 quod
634 3879 703 3962 plus
724 3877 849 3960 reddat,
871 3897 962 3962 quam
984 3881 1153 3963 acceperit;
1175 3880 1303 3963 peonnia

196 4027 409 4043 m

268 4117 567 4189 nmmum
