2976 4706
402 335 448 390 DE
468 335 604 392 omens
622 333 845 392 nmtsnuonuu
862 333 957 390 nmen
974 335 1016 392 111.
1191 339 1253 408 185

161 500 218 566 sibi
245 500 390 564 honorem
422 497 596 577 adsumere,
630 515 691 561 non
721 496 872 560 vindicare
902 497 998 562 meriti
1027 498 1073 562 sui
1103 499 1254 580 pretium?

160 613 277 676 Deinde
310 629 364 678 cur
394 628 454 676 non
485 614 567 672 tuum
602 608 743 672 tolerare
765 610 864 691 potins
896 610 1129 688 incommodum,
1168 629 1255 692 quam

163 726 290 790 alienum
322 723 508 788 commodum
540 722 668 805 diripere
699 723 886 787 adsuesces?
930 723 1007 797 Quid
1030 731 1086 788 tam
1110 722 1254 788 adversus
1299 721 1302 726 '

162 847 316 918 naturam,
340 857 427 919 quom
450 855 510 900 non
534 855 603 900 esse
626 843 797 900 contentum
821 855 877 916 eo,
901 837 980 918 quod
1003 837 1131 914 habeas,
1158 837 1254 900 aliena

162 971 329 1034 quaerere,
360 951 470 1015 ambire
498 951 648 1032 turpiter?
693 951 766 1013 Nam
789 951 815 1013 si
838 951 980 1014 honestas
1009 950 1170 1014 secundum
1198 969 1255 1013 na-

161 1075 255 1130 turam
286 1061 402 1150 (omnia
428 1066 504 1128 enim
528 1065 601 1129 deus
630 1064 700 1128 iecit
724 1066 801 1128 bona
824 1063 948 1147 valde),
982 1064 1130 1146 turpitudo
1154 1065 1255 1145 utique

161 1180 309 1243 contraria
333 1187 385 1242 est.
430 1179 497 1242 Non
521 1185 619 1261 potest
642 1197 717 1261 ergo
738 1185 768 1240 et
789 1179 936 1242 honestati
959 1180 1122 1242 convenire
1141 1186 1171 1241 et
1188 1185 1255 1242 tur-

161 1290 303 1374 pitudini,
328 1309 395 1354 eum
417 1291 492 1354 haec
513 1292 591 1355 inter
613 1310 647 1354 se
671 1266 797 1355 discreta
820 1300 943 1356 naturae
966 1293 1035 1376 lege
1058 1292 1125 1355 sint.

585 1471 755 1540 CAPUT
788 1473 845 1582 V',

160 1612 257 1666 Iustum
275 1611 336 1666 nibil
354 1627 448 1683 agere,
467 1612 535 1684 quod
553 1614 586 1666 eit
605 1621 692 1667 contro
712 1611 837 1680 officinm,
864 1615 939 1667 etiam
964 1615 986 1666 si
1004 1613 1099 1666 latendi
1117 1630 1189 1683 spem
1208 1615 1256 1666 ha-

162 1699 263 1766 buerit,
282 1701 313 1751 ad
335 1701 383 1753 hoc
402 1703 483 1768 ipsum
501 1701 695 1770 significandum
715 1701 825 1752 inbutam
845 1702 877 1754 de
897 1702 974 1770 Gygis
994 1703 1068 1754 anulo
1088 1706 1255 1770 excogitatam

162 1802 220 1839 esse
239 1804 253 1838 a
270 1787 441 1856 philosophis,
467 1804 516 1858 qua
542 1789 646 1858 explosa
668 1789 771 1842 Davidis
798 1805 828 1841 ac
852 1788 952 1842 ioannis
978 1787 1109 1858 Baptistae
1136 1799 1205 1842 certa
1231 1799 1258 1843 et

514 1891 576 1928 vera
596 1877 711 1944 exempla
730 1875 901 1945 proferuntur.

248 1985 298 2054 29.
345 1989 402 2055 Sed
430 1992 486 2053 iam
509 1998 542 2053 ut
564 1991 651 2053 etiam
672 1993 702 2054 in
729 1992 787 2055 hoc
816 1991 892 2055 libro
923 2010 1067 2073 ponamus
1097 1992 1255 2077 fastigium,

162 2105 192 2166 in
212 2122 271 2184 quo
289 2103 371 2166 velut
388 2105 418 2165 in
439 2103 497 2166 fine
517 2104 722 2185 disputationis
742 2114 863 2169 nostrae
886 2106 1047 2188 dirigamus
1069 2107 1255 2185 sententiam,

163 2222 194 2278 ui
218 2217 289 2279 nihii
314 2218 512 2299 expetendum
544 2220 598 2296 sit,
628 2219 685 2280 nisi
713 2219 792 2300 quod
822 2220 996 2296 honestum3
1028 2218 1096 2282 nihii
1120 2219 1180 2302 agit
1202 2237 1256 2281 sa-

163 2331 264 2412 piens,
287 2331 343 2392 nisi
367 2330 446 2412 quod
471 2351 537 2394 oum
559 2333 744 2428 sinceritate,
767 2331 1031 2409 sineira'udesi13
1054 2351 1153 2414 neque
1169 2333 1256 2413 quic-

51 2473 53 2478 ·
164 2461 251 2525 quam
284 2443 373 2524 iacit,
402 2445 431 2506 in
465 2464 524 2527 quo
553 2463 587 2508 se
617 2446 738 2508 crimine
769 2464 915 2527 quoquam
950 2446 1079 2529 obliget,
1111 2447 1198 2508 etiam
1230 2445 1256 2508 si

162 2557 256 2620 latere
279 2559 382 2640 possit.
421 2557 481 2623 Sibi
505 2560 581 2621 enim
604 2564 650 2622 est
672 2576 752 2637 reus,
775 2559 945 2640 priusquam
967 2560 1095 2637 ceteris3
1118 2577 1175 2622 nec
1198 2566 1256 2622 tam

162 2670 299 2754 pudenda
330 2670 407 2754 apud
431 2690 498 2734 eum
527 2671 686 2754 publicatio
719 2671 837 2754 flagitii,
874 2691 960 2754 quam
988 2675 1171 2771 conscientia
1201 2680 1255 2738 est.

163 2786 250 2862 Quod
266 2805 326 2848 non
343 2786 416 2848 fictis
435 2784 559 2866 fabulis,
582 2795 614 2850 ut
635 2787 804 2868 philosophi
829 2786 994 2870 disputant,
1017 2787 1071 2851 sed
1094 2789 1255 2852 verissimis

57 2949 59 2954 Α
162 2902 306 2964 iustorum
328 2901 460 2962 virorum
484 2898 629 2979 exemptis
652 2898 763 2962 docere
785 2916 951 2980 possumus.

252 3011 301 3076 30.
346 3013 413 3076 Non
433 3013 523 3097 igitur
538 3030 598 3094 ego
615 3012 758 3077 simulabo
779 3020 885 3075 terrae¹
901 3014 1020 3093 hiatum,
1043 3031 1119 3095 quae
1141 3013 1255 3098 magnis

163 3126 336 3208 quibusdam
351 3126 511 3189 dissiluerit
527 3127 624 3190 soluta
639 3127 790 3206 imbribus,
806 3128 835 3189 in
848 3146 935 3209 quem
949 3126 1142 3192 descendisse
1154 3129 1256 3212 Gyges

163 3249 252 3323 atque
274 3242 314 3303 ibi
337 3241 502 3304 fabulosum
524 3240 603 3303 illum
627 3258 736 3321 equum
759 3259 883 3304 aeneum
913 3242 1074 3306 offendisse
1097 3261 1114 3306 a
1135 3243 1257 3305 Platone

162 3356 325 3436 inducitur,
360 3356 408 3436 qui
433 3357 463 3417 in
485 3355 625 3418 lateribus
649 3357 710 3419 suis
734 3355 815 3419 iores
839 3357 979 3420 haberet:
1013 3374 1085 3439 quas
1107 3358 1156 3420 ubi
1180 3375 1256 3439 ape-

162 3473 235 3552 ruit,
266 3471 509 3534 animadvertisse
536 3471 652 3535 annium
676 3473 851 3534 aureamin
875 3472 966 3554 digito
990 3473 1097 3535 mortui
1119 3471 1255 3552 hominis,

163 3589 247 3651 cuius
271 3586 330 3648 illia
354 3585 520 3649 exanimum
549 3602 659 3666 corpus
691 3586 818 3664 iaceret,
850 3587 973 3665 aurique
1004 3602 1124 3646 avarum
1151 3591 1256 3647 sustu-

39 3747 45 3761 .
162 3700 234 3762 lissa
258 3701 386 3763 anulum.
433 3699 493 3764 Sed
516 3717 581 3762 cum
604 3717 639 3761 se
662 3697 697 3761 ad
720 3704 857 3780 pastores
880 3700 1046 3780 recepisset
1068 3698 1187 3779 regine,
1218 3697 1255 3760 de

165 3830 291 3892 quorum
314 3815 378 3897 ipse
408 3832 532 3876 numero
564 3813 661 3893 foret,
693 3831 764 3878 casu
795 3812 938 3893 quodam,
972 3810 1053 3894 quod
1076 3812 1168 3894 palam
1192 3813 1256 3876 eius

164 3926 244 3988 anuli
262 3926 297 3988 ad
318 3927 441 4008 palmam
464 3933 663 4004 converterat,
686 3927 750 4007 ipse
773 3943 877 3989 omnes
899 3926 1019 3990 videbat
1039 3909 1127 4009 atque
1142 3945 1158 3990 a
1175 3927 1256 3992 nuilo

113 4013 118 4035 ¹
164 4038 333 4117 videbatur;
357 4040 465 4104 deinde
488 4061 553 4105 cum
577 4041 726 4105 inlocum
749 4059 834 4114 suum
858 4047 1032 4104 revocasset
1054 4041 1182 4121 anulum,
1204 4041 1256 4104 vi-

163 4149 289 4217 debatur
310 4153 346 4216 ab
367 4157 514 4244 *cambus
560 4155 649 4220 cuius
672 4156 780 4224 sollers
802 4155 897 4221 sactus
919 4155 1068 4236 musculi,
1099 4175 1154 4240 per
1175 4154 1256 4220 anuli
