2932 4700
627 1259 768 1332 VITA

354 1436 1036 1562 §.trattati

474 1640 744 1694 Muulounrtuttsls
766 1642 917 1694 EPISGOPI

686 1783 702 1820 A

417 1909 622 1980 PAULINO
660 1909 970 1980 oottottrtt.

592 2103 798 2114 *ἡ

237 2252 262 2317 1.
305 2234 458 2341 Hortaris,
481 2261 660 2325 venerabilis
683 2267 769 2342 pater
789 2261 971 2344 Augustine,
994 2267 1042 2340 ut,
1065 2260 1142 2324 sicut
1163 2261 1241 2326 beati

144 2365 203 2429 viri
222 2367 403 2436 Athanasius
427 2372 587 2455 episcopus
613 2379 644 2436 et
665 2373 865 2456 Hieronymus
893 2373 1054 2456 presbyter
1075 2375 1142 2440 stilo
1165 2393 1242 2456 pro-

146 2483 241 2545 secuti
257 2491 325 2547 sunt
339 2487 428 2550 vitam
444 2493 614 2550 sanctorum
629 2487 709 2551 Pauli
725 2493 755 2550 et
765 2486 888 2551 Antonii
903 2487 933 2550 in
949 2505 1051 2551 eremo
1067 2490 1241 2571 positorum,

142 2597 220 2659 sicut
250 2599 337 2661 etiam
359 2599 476 2663 Martini
507 2602 687 2665 venerabilis
718 2571 850 2685 episcopi
880 2602 1064 2666 Turonensis
1096 2605 1242 2668 ecclesiae

143 2710 276 2775 Severus
306 2731 413 2776 servus
446 2715 494 2778 dei
523 2733 664 2780 sermone
692 2713 863 2795 contexuit,
894 2717 938 2779 sic
967 2718 1055 2781 etiam
1082 2735 1141 2801 ego
1164 2718 1243 2782 beati

142 2825 293 2890 Ambrosii
310 2827 443 2910 episcopi
457 2827 689 2892 Mediolanensis
713 2827 859 2892 ecclesiae
882 2847 949 2892 meo
972 2847 1141 2911 prosequar
1162 2830 1241 2894 stilo.

144 2939 204 3005 Sed
236 2959 294 3024 ego
323 2948 356 3004 ut
383 2943 495 3007 meritis
517 2951 665 3007 tantorum
695 2945 844 3023 virorum,
876 2944 926 3026 qui
949 2944 1025 3006 muri
1048 2943 1242 3007 ecelesiarum

143 3060 213 3116 sunt
242 3061 272 3116 et
302 3056 489 3136 eloquentiae
520 3055 638 3135 fontes,
672 3055 711 3118 ita
743 3057 829 3119 etiam
859 3072 1000 3119 sermone
1030 3072 1078 3118 me
1109 3055 1242 3137 inparem

142 3165 223 3228 novi.
261 3166 370 3229 Tamen
394 3167 462 3248 quia
486 3167 645 3231 absurdum
668 3185 738 3231 esse
761 3169 876 3250 opinor,
900 3167 980 3250 quod
1003 3169 1159 3252 praecipis,
1184 3168 1242 3232 de-

143 3278 270 3359 clinare,
300 3298 352 3358 ea,
383 3297 459 3361 quae
488 3298 505 3343 a
533 3279 747 3361 probatissimis
769 3281 856 3360 viris,
887 3282 939 3362 qui
960 3279 1000 3343 illi
1021 3285 1090 3343 ante
1112 3297 1159 3342 me
1182 3278 1241 3342 ad-

5 3457 7 3474 !
144 3391 289 3472 stiterunt,
314 3398 344 3455 et
366 3392 491 3455 manime
514 3409 653 3455 asororo
668 3393 760 3475 ipsius
775 3392 941 3455 venerabili
955 3392 1126 3456 Marcelline
1142 3392 1240 3472 didici,

22 3511 30 3521 '
142 3503 192 3568 vet
215 3523 292 3596 quoe
315 3506 381 3588 ipse
402 3503 473 3585 vitii,
496 3523 563 3568 cum
585 3505 627 3568 illi
649 3506 806 3586 adstarem,
829 3506 879 3570 vel
902 3523 979 3587 quae
995 3506 1030 3568 ab
1046 3505 1082 3567 iis
1099 3507 1239 3588 cognovi,

143 3617 193 3699 qui
221 3619 301 3683 illum
332 3619 362 3681 in
392 3618 518 3682 diversis
550 3619 711 3701 provinciis
743 3626 811 3702 post
840 3619 949 3682 obitum
978 3617 1042 3680 eius
1071 3617 1240 3683 sevidisse

143 3739 315 3812 narrarunt,
346 3732 396 3819 vei
425 3750 501 3813 quac
523 3731 561 3794 ad
582 3732 661 3796 illum
684 3733 794 3816 scripta
815 3739 900 3812 suut,
932 3749 998 3796 cum
1020 3731 1117 3794 adbuc
1140 3733 1240 3797 obisse

142 3844 323 3925 nesciretur,
353 3843 468 3909 adiutus
491 3845 674 3909 orationibus
697 3847 755 3909 tuis
779 3851 809 3908 et
831 3845 942 3908 meritis
965 3845 1037 3908 tanti
1066 3846 1139 3926 viri,
1169 3847 1240 3910 iicet
1266 3821 1290 3885 Ἶ

15 3949 17 3958 '
142 3956 252 4021 inculto
280 3977 439 4040 sermone,
470 3959 601 4022 breviter
630 3960 813 4040 strictimque
843 3958 1025 4039 describam,
1055 3966 1087 4022 ut
1116 3960 1238 4024 lectoris

143 4041 268 4136 animum
299 4073 357 4139 etsi
386 4090 487 4138 sermo
520 4072 693 4153 offenderit,
724 4078 821 4135 murco
851 4071 981 4136 brevitas
1010 4073 1048 4136 ad
1077 4074 1237 4158 legendum

141 4191 302 4270 provocet,
331 4205 389 4252 nec
416 4187 578 4252 verborum
608 4185 684 4252 fucis
715 4185 869 4252 vamtatem
892 4187 1050 4270 obducam,
1081 4207 1137 4268 ne,
1168 4188 1237 4251 dum

208 4301 371 4353 Auaaosros.
1009 4298 1023 4364 1
