2894 4716
234 383 298 454 too
650 379 907 440 sonornnomss

700 541 761 612 Cep.
783 543 857 598 xt'lt.

303 651 328 716 s.
341 647 384 715 86,
404 648 427 700 1.
447 649 490 704 dot
507 649 582 702 codd.
601 647 633 701 W
652 657 678 702 et
696 649 821 714 dionaeo,
841 651 901 700 item
920 649 962 702 sd.
983 647 1059 714 Med..
1080 655 1120 706 det
1138 651 1206 707 Bnbc
1226 659 1252 706 et
1270 654 1333 710 edd.

232 735 287 788 seii.
325 735 349 786 3.
369 740 553 792 0001000010
572 734 626 802 Bb,
644 738 669 788 in
689 733 725 788 Be
743 752 766 791 u.
785 753 873 790 sermo
892 736 925 788 sl.
945 751 977 788 m.
997 737 1097 792 ediecit.

302 826 326 889 §.
345 823 388 891 87,
406 825 431 877 2.
449 828 536 896 primo
555 825 630 876 codd.
650 825 730 876 nostri
750 825 865 891 exceptis
883 823 953 876 liobe
971 832 997 876 st
1016 824 1073 896 dig,
1095 830 1119 878 in
1138 828 1238 896 quibus,
1257 831 1334 882 utin

233 912 308 965 editis
326 915 412 979 libris,
435 912 529 982 iegitur
544 917 672 984 primum.
708 911 773 963 Deio
792 917 869 966 nobis
887 917 1000 982 formem
1017 919 1150 984 praeberet
1169 934 1183 968 e
1202 917 1279 969 eodd.
1300 919 1334 968 W

233 1010 259 1054 et
272 1001 384 1054 bioneec.
403 1003 499 1067 recepi,
517 1006 632 1070 formam
649 1003 727 1054 nobis
741 1003 879 1074 praeberet
898 1000 1019 1054 exhibent
1032 1000 1099 1056 Bebe
1117 1003 1334 1071 adstipulantibus

232 1089 387 1142 editionibus
406 1086 460 1140 Coi.
480 1073 650 1142 Med'bisur.
677 1097 753 1158 etque
778 1087 860 1154 idib..
887 1093 974 1159 praei.
998 1094 1056 1144 stoi.
1080 1095 1158 1161 [mon.
1187 1091 1246 1144 cdd.
1273 1094 1333 1145 reli.

232 1177 256 1230 3.
284 1175 357 1240 Quod
380 1186 438 1247 post
462 1182 520 1233 ideo
545 1177 645 1228 additur
668 1185 692 1230 ct
715 1177 740 1227 in
765 1175 873 1244 vuigetis
898 1175 967 1228 iibris
993 1185 1019 1229 et
1043 1179 1117 1230 codd.
1138 1179 1221 1244 bobo,
1252 1180 1286 1230 W
1308 1190 1335 1232 et

232 1264 345 1317 Menace.
364 1281 415 1316 non
434 1272 582 1334 agnoscunt.
621 1263 680 1316 Post
705 1267 843 1318 inmitiori
861 1264 891 1314 W
911 1272 937 1316 et
956 1264 1041 1336 biseig
1066 1267 1179 1321 inserunt
1203 1284 1248 1335 ss,
1280 1285 1333 1337 quo

231 1369 295 1421 opus
313 1367 363 1404 non
383 1361 430 1405 est.
469 1352 540 1406 Coei.
561 1352 625 1405 inire
644 1351 660 1403 1.
680 1354 704 1404 6.
750 1353 775 1404 6.
797 1355 948 1408 venditores
972 1363 996 1406 et
1020 1363 1160 1423 emptorem
1183 1355 1274 1407 reduxi
1303 1375 1335 1409 ex

232 1443 292 1494 cdd.
312 1441 415 1494 dmerb.
436 1439 533 1493 Essem.
554 1440 622 1493 Cost.
641 1439 731 1492 Pistor.
752 1440 884 1506 etitem,
912 1440 1060 1510 quibuscum
1080 1443 1234 1494 concordant
1253 1444 1334 1498 codd.

231 1530 272 1581 W.
293 1529 405 1581 Menoec.
427 1537 453 1581 et
472 1527 518 1594 Bo,
537 1532 697 1584 venditorem
716 1527 809 1579 hebent
828 1528 879 1580 Boc
898 1529 1074 1598 editionesque
1093 1528 1148 1583 001.
1168 1530 1232 1582 tted.
1250 1529 1335 1584 Maur.

232 1625 307 1686 etque
326 1617 406 1683 otto..
429 1633 477 1668 nec
496 1616 568 1668 elitor
586 1619 668 1685 primo
687 1615 821 1684 legebatur
840 1618 863 1670 in
882 1617 932 1668 nib.
975 1619 999 1670 8.
1018 1619 1079 1683 ‘p'tes
1095 1635 1136 1673 tos
1154 1618 1194 1670 W.
1214 1617 1291 1670 bibdi
1310 1628 1336 1671 et

230 1722 276 1788 Be,
293 1707 356 1793 prs't¹
369 1741 409 1777 ore
427 1723 475 1787 Mc,
494 1734 600 1830 perstet·
617 1741 657 1777 sne
676 1722 744 1790 (sinc
764 1723 930 1791 compendio)
949 1723 1008 1775 edd.
1022 1722 1088 1776 tted.
1108 1721 1211 1775 Amerb.
1230 1721 1334 1778 Erusm.

529 1804 541 1832 ι

231 1845 301 1900 Cost.
315 1846 414 1913 Piston,
428 1851 489 1918 pter
505 1863 546 1931 pne
562 1844 611 1911 tte,
632 1847 691 1911 pter
709 1858 732 1900 te
751 1846 801 1911 iiie,
819 1849 904 1900 niebii
920 1848 973 1900 scit
990 1847 1019 1898 in
1038 1848 1112 1900 dosno
1129 1863 1181 1900 sua
1198 1856 1290 1916 pretor
1309 1857 1335 1901 te

231 1949 281 2020 otg.
319 1951 400 2004 Recte
426 1959 508 2005 tomen
532 1962 638 2022 propter
660 1970 700 2006 sne
719 1948 789 2015 Boc,
817 1951 878 2002 item
897 1950 955 2002 cdd.
977 1947 1031 2002 001.
1050 1949 1128 2001 Maur.
1148 1959 1224 2019 etque
1246 1951 1332 2016 Giib.;

232 2047 314 2092 exstet
332 2042 399 2092 enim
419 2042 444 2092 iu
458 2041 556 2094 Graeco
575 2036 606 2088 δι’
617 2037 666 2104 ips'.
697 2039 757 2093 Post
775 2042 843 2093 nibii
860 2041 883 2090 in
897 2037 934 2089 bb
949 2037 1059 2090 deletum
1073 2041 1154 2093 atiud.
1193 2039 1234 2090 10.
1248 2044 1332 2108 peie-

230 2146 308 2198 quam
331 2127 370 2180 W.
397 2128 523 2180 idnbcdei.
549 2127 627 2180 Bubc.
665 2126 813 2196 Congruunt
838 2126 895 2178 edd.
921 2124 976 2177 001.
1000 2125 1103 2178 Amerb.
1129 2124 1228 2179 Eresm.
1256 2125 1331 2178 Cost

229 2213 320 2270 Pictor.
356 2221 498 2287 Qnitpuum
517 2216 604 2268 scribit
622 2214 679 2283 big,
701 2219 842 2286 peistpnom
860 2213 920 2266 dont
939 2213 998 2265 edd.
1019 2213 1090 2266 Rom.
1110 2213 1187 2266 Maur.
1207 2221 1233 2266 et
1253 2211 1332 2280 Giib.‚

230 2307 357 2375 quidquid
374 2305 452 2384 hebet
465 2305 530 2357 died.
563 2304 681 2357 Ceterum
700 2305 724 2355 in
737 2302 775 2355 Bb
793 2305 894 2356 inverso
914 2302 968 2354 ord.
984 2301 1078 2368 iegitur
1093 2305 1230 2373 quiequam
1246 2323 1263 2357 c
1278 2321 1330 2358 me.

231 2391 296 2444 Dein
316 2411 380 2462 puae
398 2412 470 2448 umor
488 2392 550 2445 Beb.
590 2393 630 2444 11.
650 2410 677 2447 es
698 2407 748 2444 ern.
767 2390 811 2444 es.
845 2391 902 2443 bier
920 2394 1028 2445 verbnm
1047 2390 1129 2442 ei.'m.
1147 2393 1332 2458 superscripsit

230 2481 256 2532 itt
275 2478 322 2531 Bb.
357 2479 418 2532 Tum
437 2499 527 2534 coram
544 2485 590 2536 den
609 2478 732 2547 (ἐναντίον
750 2483 794 2530 τοῦ
813 2481 885 2545 θεοῦ)
905 2477 936 2529 W
956 2487 982 2532 et
1001 2478 1084 2548 11003,
1103 2479 1163 2530 item
1183 2477 1223 2530 td.
1242 2477 1331 2545 Rom„

232 2601 322 2638 curum
339 2601 369 2638 eo
388 2583 476 2636 bibcdi
498 2600 548 2635 uns
572 2583 732 2650 comesse,
760 2602 851 2639 corum
873 2569 1026 2650 (10013000,
1052 2573 1204 2652 ¹quibuscum
1228 2580 1333 2634 ieeiuut

233 2672 308 2723 etism
330 2671 389 2724 edd.
406 2671 460 2724 rell.
493 2669 529 2722 Bc
546 2669 615 2722 sddit
632 2689 697 2726 meo.
728 2672 815 2725 stetim
833 2674 910 2743 piena
924 2675 1085 2752 'humititatis
1096 2676 1190 2743 ¹formu
1207 2670 1333 2723 scribitur

912 2753 941 2781 110

231 2795 257 2846 10
276 2794 325 2864 big.
361 2795 439 2848 Voce.
461 2811 548 2864 seqq.:
566 2799 645 2865 piens
663 2797 834 2850 castimoniae
853 2749 874 2782 a
893 2746 1052 2849 bumilitate}
1070 2795 1096 2845 in
1116 2794 1155 2857 iis
1174 2792 1279 2861 delete,
1303 2796 1333 2846 in

231 2901 324 2951 ceteris
343 2898 458 2953 dionaeo.
484 2902 576 2952 omissa
600 2909 665 2953 suut.
711 2899 734 2952 3.
754 2899 785 2952 eb
806 2901 847 2953 im.
875 2905 920 2972 qni
942 2921 958 2955 u
982 2885 1032 2956 ‹to'r'o
1059 2902 1188 2969 deferebat
1210 2903 1331 2954 bonori-

230 2991 346 3056 fieentiae
364 2993 477 3058 pretium
497 2990 558 3057 (sie)
577 2985 627 3054 Be,
646 2993 749 3046 domino
769 2992 897 3057 deferebat
915 2992 1138 3059 honorificentiam
1156 2985 1284 3056 Mubedeg
1301 2994 1332 3039 et

231 3070 294 3137 Bab,
314 3074 402 3142 quibus
421 3075 605 3143 adstipulantur
622 3075 680 3128 edd.
701 3075 798 3128 Erosur.
821 3076 889 3129 Cost.
912 3075 999 3129 Pistor.
1019 3076 1103 3141 Rom,
1122 3078 1145 3129 d.
1162 3077 1254 3144 pichot
1273 3078 1331 3127 ito-

230 3164 420 3230 norifieentiam
436 3161 479 3228 ott,
498 3167 625 3235 deferebat
643 3169 747 3221 domine
765 3169 989 3236 honorificentiam
1005 3163 1108 3216 dmerb.
1140 3161 1231 3214 Veram
1251 3161 1331 3214 huius

230 3243 281 3298 ioci
307 3247 509 3302 emendationem
537 3253 637 3305 demum
665 3269 679 3304 e
705 3252 822 3304 Meurinis
850 3269 881 3303 ex
907 3269 965 3304 mss.
994 3252 1096 3319 optimis
1124 3250 1266 3320 quibusque
1296 3266 1331 3302 se

230 3337 454 3403 numerosissimis,
483 3347 510 3390 ut
534 3341 618 3406 uiuet,
645 3341 786 3393 restitutum
811 3356 826 3392 e
852 3342 943 3391 nostris
967 3339 1042 3391 codd.
1067 3337 1136 3390 seius
1160 3338 1274 3390 servavit
1295 3336 1331 3387 W

231 3426 390 3496 eundemque
412 3427 531 3480 exhibent
552 3430 610 3481 edd.
629 3427 684 3481 001.
706 3444 736 3479 ec
755 3427 820 3479 Med.
856 3426 911 3478 Nec
935 3427 1007 3480 aliter
1032 3427 1112 3494 primo
1138 3423 1273 3493 legebatur
1298 3426 1327 3476 iu

202 3553 204 3558 .
230 3511 283 3578 liin,
304 3513 347 3564 ubi
365 3515 451 3566 uitimo
469 3519 540 3568 vocis
558 3505 770 3586 honorificentiae
788 3514 909 3582 syllabam
929 3532 943 3567 e
963 3532 994 3567 m.
1014 3515 1128 3583 imperite
1146 3528 1192 3592 pcr
1210 3527 1327 3563 rosunum

231 3610 348 3668 corrupto
367 3611 405 3654 est
423 3605 449 3655 in
466 3605 491 3656 ἶι.
527 3603 591 3654 Dein
611 3618 682 3656 voce.
700 3601 777 3673 plens}
796 3603 859 3671 (sic)
878 3620 978 3672 quoqne
997 3600 1028 3654 eb
1047 3601 1078 3654 ei.
1095 3618 1128 3653 ns.
1141 3602 1167 3651 iu
1183 3615 1233 3669 mg.
1246 3598 1328 3652 bubet

230 3685 267 3741 Bb
287 3697 313 3740 et
334 3707 391 3742 mox
411 3696 456 3762 qni
472 3708 519 3759 pro
539 3696 607 3761 puin.

301 3781 325 3843 §.
345 3779 393 3846 88,
412 3780 436 3831 2.
461 3783 529 3834 nibil
549 3780 716 3849 fabulosum]
744 3778 781 3830 its
805 3777 880 3831 codd.
900 3777 930 3828 W
955 3787 980 3829 et
1005 3775 1119 3829 Monsec.
1147 3775 1323 3843 editionesque

231 3865 334 3920 Amerb.
355 3867 451 3919 Erusm.
473 3865 541 3920 Cost.
567 3876 593 3920 et
610 3865 699 3920 Pistor.
720 3884 742 3918 c.
763 3867 835 3919 Rom.
872 3864 970 3919 Desunt
994 3867 1059 3918 bace
1084 3851 1115 3917 iu⁴
1136 3865 1227 3916 ceteris
1251 3862 1323 3914 libris

231 3961 256 4004 ct
274 3956 373 4022 scriptis
393 3963 418 4006 et
437 3954 518 4007 editis.
554 3951 615 4005 Tum
634 3958 690 4009 otto
708 3953 756 4019 tto,
774 3956 856 4008 eitam
874 3971 904 4008 ac
922 3971 1011 4008 mores
1028 3956 1088 4008 eius
1106 3951 1138 4004 ul.
1158 3950 1212 4004 ord.
1233 3966 1322 4003 exem·

231 4039 287 4109 pier
306 4041 361 4095 001.
399 4041 466 4093 Dein
484 4045 606 4112 refellant
624 4040 665 4093 W.

302 4146 616 4306 osbibbmempnmmr
632 4201 767 4306 biubedeip
781 4243 811 4288 ct
829 4233 897 4304 libe,
921 4236 982 4289 item
1001 4233 1041 4290 ed.
1059 4232 1113 4287 001.
1150 4231 1190 4316 De
1208 4243 1237 4284 re
1255 4230 1324 4286 conf.
