<?xml version="1.0" encoding="UTF-8"?>
<!DOCTYPE html PUBLIC "-//W3C//DTD XHTML 1.0 Transitional//EN"
    "http://www.w3.org/TR/xhtml1/DTD/xhtml1-transitional.dtd">
<html xmlns="http://www.w3.org/1999/xhtml" xml:lang="en" lang="en">
 <head>
  <title>
</title>
<meta http-equiv="Content-Type" content="text/html;charset=utf-8" />
  <meta name='ocr-system' content='tesseract 3.04.00' />
  <meta name='ocr-capabilities' content='ocr_page ocr_carea ocr_par ocr_line ocrx_word'/>
</head>
<body>
  <div class='ocr_page' id='page_1' title='image "./deofficiisminis01krabgoog_0136.png"; bbox 0 0 2976 4706; ppageno 0'>
   <div class='ocr_carea' id='block_1_1' title="bbox 413 335 1266 402">
    <p class='ocr_par' dir='ltr' id='par_1_1' title="bbox 413 335 1266 402">
     <span class='ocr_line' id='line_1_1' title="bbox 413 335 1266 402; baseline 0.002 -12"><span class='ocrx_word' id='word_1_1' title='bbox 413 337 459 390; x_wconf 85' lang='lat' dir='ltr'><strong>DE</strong></span> <span class='ocrx_word' id='word_1_2' title='bbox 477 335 615 391; x_wconf 69' lang='lat' dir='ltr'><strong>otricus</strong></span> <span class='ocrx_word' id='word_1_3' title='bbox 633 335 859 392; x_wconf 83' lang='lat' dir='ltr'><strong>umtsuuottttu</strong></span> <span class='ocrx_word' id='word_1_4' title='bbox 877 335 974 390; x_wconf 80' lang='lat' dir='ltr'><strong>trusa</strong></span> <span class='ocrx_word' id='word_1_5' title='bbox 995 336 1026 390; x_wconf 83' lang='grc' dir='ltr'><strong>Π.</strong></span> <span class='ocrx_word' id='word_1_6' title='bbox 1204 335 1266 402; x_wconf 66' lang='grc'><strong>127</strong></span> 
     </span>
    </p>
   </div>
   <div class='ocr_carea' id='block_1_2' title="bbox 166 497 1268 1370">
    <p class='ocr_par' dir='ltr' id='par_1_2' title="bbox 166 497 1268 1370">
     <span class='ocr_line' id='line_1_2' title="bbox 169 497 1267 580; baseline -0.003 -18"><span class='ocrx_word' id='word_1_7' title='bbox 169 497 367 580; x_wconf 90' lang='lat' dir='ltr'><strong>molliculum,</strong></span> <span class='ocrx_word' id='word_1_8' title='bbox 399 499 523 564; x_wconf 90' lang='lat' dir='ltr'><strong>alterum</strong></span> <span class='ocrx_word' id='word_1_9' title='bbox 547 499 632 580; x_wconf 88' lang='lat' dir='ltr'><strong>quasi</strong></span> <span class='ocrx_word' id='word_1_10' title='bbox 653 500 798 564; x_wconf 73' lang='lat' dir='ltr'><strong>eviratum</strong></span> <span class='ocrx_word' id='word_1_11' title='bbox 821 505 852 562; x_wconf 92' lang='lat' dir='ltr'><strong>et</strong></span> <span class='ocrx_word' id='word_1_12' title='bbox 873 497 1018 564; x_wconf 87' lang='lat' dir='ltr'><strong>infirmum</strong></span> <span class='ocrx_word' id='word_1_13' title='bbox 1040 497 1210 580; x_wconf 70' lang='lat' dir='ltr'><strong>despuitur,</strong></span> <span class='ocrx_word' id='word_1_14' title='bbox 1236 497 1267 560; x_wconf 92' lang='lat' dir='ltr'><strong>in</strong></span> 
     </span>
     <span class='ocr_line' id='line_1_3' title="bbox 168 607 1268 694; baseline -0.001 -22"><span class='ocrx_word' id='word_1_15' title='bbox 168 610 241 694; x_wconf 92' lang='lat' dir='ltr'><strong>ipsis</strong></span> <span class='ocrx_word' id='word_1_16' title='bbox 276 611 431 676; x_wconf 88' lang='lat' dir='ltr'><strong>doloribus</strong></span> <span class='ocrx_word' id='word_1_17' title='bbox 464 611 552 675; x_wconf 87' lang='lat' dir='ltr'><strong>vitam</strong></span> <span class='ocrx_word' id='word_1_18' title='bbox 583 612 699 676; x_wconf 80' lang='lat' dir='ltr'><strong>beatam</strong></span> <span class='ocrx_word' id='word_1_19' title='bbox 731 612 863 674; x_wconf 89' lang='lat' dir='ltr'><strong>eminere</strong></span> <span class='ocrx_word' id='word_1_20' title='bbox 897 611 1125 674; x_wconf 88' lang='lat' dir='ltr'><strong>demonstretur.</strong></span> <span class='ocrx_word' id='word_1_21' title='bbox 1179 607 1268 685; x_wconf 80' lang='lat' dir='ltr'><strong>Quod</strong></span> 
     </span>
     <span class='ocr_line' id='line_1_4' title="bbox 168 723 1268 812; baseline -0.002 -24"><span class='ocrx_word' id='word_1_22' title='bbox 168 724 256 788; x_wconf 82' lang='lat' dir='ltr'><strong>tacite</strong></span> <span class='ocrx_word' id='word_1_23' title='bbox 273 724 376 790; x_wconf 88' lang='lat' dir='ltr'><strong>doceri</strong></span> <span class='ocrx_word' id='word_1_24' title='bbox 397 732 505 808; x_wconf 89' lang='lat' dir='ltr'><strong>potest,</strong></span> <span class='ocrx_word' id='word_1_25' title='bbox 529 746 595 789; x_wconf 90' lang='lat' dir='ltr'><strong>cum</strong></span> <span class='ocrx_word' id='word_1_26' title='bbox 618 727 796 808; x_wconf 83' lang='lat' dir='ltr'>legerimus:</span> <span class='ocrx_word' id='word_1_27' title='bbox 817 723 845 812; x_wconf 88' lang='lat'><strong>¹)</strong></span> <span class='ocrx_word' id='word_1_28' title='bbox 868 725 960 790; x_wconf 78' lang='lat' dir='ltr'><strong>Beati</strong></span> <span class='ocrx_word' id='word_1_29' title='bbox 982 726 1069 801; x_wconf 82' lang='lat' dir='ltr'><strong>eatis,</strong></span> <span class='ocrx_word' id='word_1_30' title='bbox 1093 743 1161 786; x_wconf 87' lang='lat' dir='ltr'><strong>cum</strong></span> <span class='ocrx_word' id='word_1_31' title='bbox 1179 723 1268 787; x_wconf 79' lang='lat' dir='ltr'><strong>cobis</strong></span> 
     </span>
     <span class='ocr_line' id='line_1_5' title="bbox 166 839 1267 920; baseline 0 -20"><span class='ocrx_word' id='word_1_32' title='bbox 166 840 353 905; x_wconf 72' lang='lat' dir='ltr'><strong>maledicent</strong></span> <span class='ocrx_word' id='word_1_33' title='bbox 376 847 405 901; x_wconf 88' lang='lat' dir='ltr'><strong>ct</strong></span> <span class='ocrx_word' id='word_1_34' title='bbox 422 847 647 920; x_wconf 78' lang='lat' dir='ltr'><strong>persequentur·</strong></span> <span class='ocrx_word' id='word_1_35' title='bbox 671 847 700 901; x_wconf 85' lang='lat' dir='ltr'><strong>et</strong></span> <span class='ocrx_word' id='word_1_36' title='bbox 722 839 827 900; x_wconf 82' lang='lat' dir='ltr'><strong>dicent</strong></span> <span class='ocrx_word' id='word_1_37' title='bbox 848 855 936 900; x_wconf 85' lang='lat' dir='ltr'><strong>omne</strong></span> <span class='ocrx_word' id='word_1_38' title='bbox 965 839 1077 900; x_wconf 85' lang='lat' dir='ltr'><strong>mutum</strong></span> <span class='ocrx_word' id='word_1_39' title='bbox 1100 839 1267 900; x_wconf 86' lang='lat' dir='ltr'><strong>adeersum</strong></span> 
     </span>
     <span class='ocr_line' id='line_1_6' title="bbox 167 950 1266 1032; baseline 0 -18"><span class='ocrx_word' id='word_1_40' title='bbox 167 971 226 1016; x_wconf 82' lang='lat' dir='ltr'><strong>eoa</strong></span> <span class='ocrx_word' id='word_1_41' title='bbox 243 953 425 1016; x_wconf 80' lang='lat' dir='ltr'><strong>mentientes</strong></span> <span class='ocrx_word' id='word_1_42' title='bbox 444 963 578 1032; x_wconf 84' lang='lat' dir='ltr'><strong>propter</strong></span> <span class='ocrx_word' id='word_1_43' title='bbox 598 952 758 1016; x_wconf 81' lang='lat' dir='ltr'><strong>tortitiam.</strong></span> <span class='ocrx_word' id='word_1_44' title='bbox 799 951 934 1013; x_wconf 82' lang='lat' dir='ltr'><strong>Gaudete</strong></span> <span class='ocrx_word' id='word_1_45' title='bbox 950 959 979 1012; x_wconf 87' lang='lat' dir='ltr'><strong>et</strong></span> <span class='ocrx_word' id='word_1_46' title='bbox 994 950 1162 1028; x_wconf 77' lang='lat' dir='ltr'><strong>exsultate,</strong></span> <span class='ocrx_word' id='word_1_47' title='bbox 1187 967 1266 1031; x_wconf 85' lang='lat' dir='ltr'><strong>puo-</strong></span> 
     </span>
     <span class='ocr_line' id='line_1_7' title="bbox 167 1063 1267 1143; baseline -0.004 -15"><span class='ocrx_word' id='word_1_48' title='bbox 167 1067 252 1128; x_wconf 83' lang='lat' dir='ltr'><strong>na‘cm</strong></span> <span class='ocrx_word' id='word_1_49' title='bbox 272 1085 390 1129; x_wconf 83' lang='lat' dir='ltr'><strong>merces</strong></span> <span class='ocrx_word' id='word_1_50' title='bbox 412 1073 518 1128; x_wconf 78' lang='lat' dir='ltr'><strong>cestra</strong></span> <span class='ocrx_word' id='word_1_51' title='bbox 541 1065 672 1143; x_wconf 84' lang='lat' dir='ltr'><strong>copiosa</strong></span> <span class='ocrx_word' id='word_1_52' title='bbox 687 1072 735 1126; x_wconf 82' lang='lat' dir='ltr'><strong>cst</strong></span> <span class='ocrx_word' id='word_1_53' title='bbox 750 1065 783 1126; x_wconf 82' lang='lat' dir='ltr'><strong>in</strong></span> <span class='ocrx_word' id='word_1_54' title='bbox 800 1065 897 1126; x_wconf 84' lang='lat' dir='ltr'><strong>coelo.</strong></span> <span class='ocrx_word' id='word_1_55' title='bbox 942 1063 996 1126; x_wconf 81' lang='lat' dir='ltr'><strong>Sic</strong></span> <span class='ocrx_word' id='word_1_56' title='bbox 1011 1065 1092 1126; x_wconf 79' lang='lat' dir='ltr'><strong>enim</strong></span> <span class='ocrx_word' id='word_1_57' title='bbox 1107 1063 1267 1142; x_wconf 78' lang='lat' dir='ltr'><strong>persecuti</strong></span> 
     </span>
     <span class='ocr_line' id='line_1_8' title="bbox 167 1172 1268 1260; baseline -0.004 -18"><span class='ocrx_word' id='word_1_58' title='bbox 167 1187 240 1242; x_wconf 84' lang='lat' dir='ltr'><strong>aunt</strong></span> <span class='ocrx_word' id='word_1_59' title='bbox 255 1180 483 1260; x_wconf 83' lang='lat' dir='ltr'><strong>etpropbetca,</strong></span> <span class='ocrx_word' id='word_1_60' title='bbox 508 1177 562 1257; x_wconf 80' lang='lat' dir='ltr'><strong>paci</strong></span> <span class='ocrx_word' id='word_1_61' title='bbox 586 1185 677 1240; x_wconf 86' lang='lat' dir='ltr'><strong>creat</strong></span> <span class='ocrx_word' id='word_1_62' title='bbox 699 1185 771 1238; x_wconf 86' lang='lat' dir='ltr'><strong>cate</strong></span> <span class='ocrx_word' id='word_1_63' title='bbox 794 1195 860 1240; x_wconf 82' lang='lat' dir='ltr'><strong>cca.</strong></span> <span class='ocrx_word' id='word_1_64' title='bbox 903 1176 941 1239; x_wconf 87' lang='lat' dir='ltr'><strong>Et</strong></span> <span class='ocrx_word' id='word_1_65' title='bbox 963 1175 1046 1240; x_wconf 89' lang='lat' dir='ltr'><strong>aiibi:</strong></span> <span class='ocrx_word' id='word_1_66' title='bbox 1063 1172 1096 1259; x_wconf 80' lang='lat'><strong>²)</strong></span> <span class='ocrx_word' id='word_1_67' title='bbox 1121 1175 1181 1251; x_wconf 76' lang='lat' dir='ltr'><strong>Qut</strong></span> <span class='ocrx_word' id='word_1_68' title='bbox 1202 1175 1268 1240; x_wconf 81' lang='lat' dir='ltr'><strong>cult</strong></span> 
     </span>
     <span class='ocr_line' id='line_1_9' title="bbox 166 1291 1117 1370; baseline 0 -19"><span class='ocrx_word' id='word_1_69' title='bbox 166 1291 274 1352; x_wconf 81' lang='lat' dir='ltr'><strong>uenire</strong></span> <span class='ocrx_word' id='word_1_70' title='bbox 293 1298 367 1370; x_wconf 81' lang='lat' dir='ltr'><strong>poet</strong></span> <span class='ocrx_word' id='word_1_71' title='bbox 389 1309 452 1368; x_wconf 87' lang='lat' dir='ltr'><strong>me,</strong></span> <span class='ocrx_word' id='word_1_72' title='bbox 476 1291 563 1352; x_wconf 77' lang='lat' dir='ltr'><strong>tollet</strong></span> <span class='ocrx_word' id='word_1_73' title='bbox 586 1308 707 1350; x_wconf 81' lang='lat' dir='ltr'><strong>cracem</strong></span> <span class='ocrx_word' id='word_1_74' title='bbox 730 1309 820 1352; x_wconf 84' lang='lat' dir='ltr'><strong>suam</strong></span> <span class='ocrx_word' id='word_1_75' title='bbox 843 1297 873 1352; x_wconf 84' lang='lat' dir='ltr'><strong>ct</strong></span> <span class='ocrx_word' id='word_1_76' title='bbox 893 1296 1041 1369; x_wconf 80' lang='lat' dir='ltr'><strong>aequetur</strong></span> <span class='ocrx_word' id='word_1_77' title='bbox 1061 1301 1117 1352; x_wconf 82' lang='lat' dir='ltr'><strong>mc.</strong></span> 
     </span>
    </p>
   </div>
   <div class='ocr_carea' id='block_1_3' title="bbox 592 1557 847 1626">
    <p class='ocr_par' dir='ltr' id='par_1_3' title="bbox 592 1557 847 1626">
     <span class='ocr_line' id='line_1_10' title="bbox 592 1557 847 1626; baseline -0.008 -1"><span class='ocrx_word' id='word_1_78' title='bbox 592 1557 763 1625; x_wconf 81' lang='lat' dir='ltr'><strong>CAPUT</strong></span> <span class='ocrx_word' id='word_1_79' title='bbox 788 1559 847 1626; x_wconf 89' lang='lat' dir='ltr'><strong>IV.</strong></span> 
     </span>
    </p>
   </div>
   <div class='ocr_carea' id='block_1_4' title="bbox 158 1696 1266 1887">
    <p class='ocr_par' dir='ltr' id='par_1_4' title="bbox 158 1696 1266 1887">
     <span class='ocr_line' id='line_1_11' title="bbox 158 1696 1266 1792; baseline -0.003 -18"><span class='ocrx_word' id='word_1_80' title='bbox 158 1696 236 1774; x_wconf 28' lang='lat' dir='ltr'><strong>&#39;idem</strong></span> <span class='ocrx_word' id='word_1_81' title='bbox 261 1729 455 1790; x_wconf 74' lang='lat' dir='ltr'><strong>argumentum,</strong></span> <span class='ocrx_word' id='word_1_82' title='bbox 487 1722 587 1774; x_wconf 80' lang='lat' dir='ltr'><strong>scilicet</strong></span> <span class='ocrx_word' id='word_1_83' title='bbox 612 1720 688 1774; x_wconf 91' lang='lat' dir='ltr'><strong>rebus</strong></span> <span class='ocrx_word' id='word_1_84' title='bbox 719 1724 830 1775; x_wconf 83' lang='lat' dir='ltr'><strong>externis</strong></span> <span class='ocrx_word' id='word_1_85' title='bbox 861 1737 911 1774; x_wconf 91' lang='lat' dir='ltr'><strong>non</strong></span> <span class='ocrx_word' id='word_1_86' title='bbox 940 1725 1032 1788; x_wconf 87' lang='lat' dir='ltr'><strong>minui,</strong></span> <span class='ocrx_word' id='word_1_87' title='bbox 1064 1737 1148 1792; x_wconf 87' lang='lat' dir='ltr'><strong>neque</strong></span> <span class='ocrx_word' id='word_1_88' title='bbox 1177 1721 1266 1790; x_wconf 80' lang='lat' dir='ltr'><strong>augeri</strong></span> 
     </span>
     <span class='ocr_line' id='line_1_12' title="bbox 403 1808 1030 1887; baseline 0.002 -25"><span class='ocrx_word' id='word_1_89' title='bbox 403 1808 586 1862; x_wconf 87' lang='lat' dir='ltr'><strong>beatitudinem</strong></span> <span class='ocrx_word' id='word_1_90' title='bbox 605 1818 722 1862; x_wconf 86' lang='lat' dir='ltr'><strong>veterum</strong></span> <span class='ocrx_word' id='word_1_91' title='bbox 741 1809 865 1877; x_wconf 84' lang='lat' dir='ltr'><strong>exemplis</strong></span> <span class='ocrx_word' id='word_1_92' title='bbox 883 1810 1030 1887; x_wconf 76' lang='lat' dir='ltr'><strong>illustratur.</strong></span> 
     </span>
    </p>
   </div>
   <div class='ocr_carea' id='block_1_5' title="bbox 120 1965 1267 2392">
    <p class='ocr_par' dir='ltr' id='par_1_5' title="bbox 120 1965 1267 2392">
     <span class='ocr_line' id='line_1_13' title="bbox 257 1965 1265 2052; baseline 0.001 -21"><span class='ocrx_word' id='word_1_93' title='bbox 257 1965 305 2032; x_wconf 90' lang='grc'><strong>10.</strong></span> <span class='ocrx_word' id='word_1_94' title='bbox 349 1969 403 2032; x_wconf 87' lang='lat' dir='ltr'><strong>Est</strong></span> <span class='ocrx_word' id='word_1_95' title='bbox 425 1987 501 2052; x_wconf 78' lang='lat' dir='ltr'><strong>ergo</strong></span> <span class='ocrx_word' id='word_1_96' title='bbox 523 1970 676 2034; x_wconf 86' lang='lat' dir='ltr'><strong>beatitudo</strong></span> <span class='ocrx_word' id='word_1_97' title='bbox 693 1977 723 2032; x_wconf 87' lang='lat' dir='ltr'><strong>ct</strong></span> <span class='ocrx_word' id='word_1_98' title='bbox 738 1970 767 2042; x_wconf 88' lang='lat' dir='ltr'><strong>in</strong></span> <span class='ocrx_word' id='word_1_99' title='bbox 789 1969 957 2048; x_wconf 86' lang='lat' dir='ltr'><strong>doloribus,</strong></span> <span class='ocrx_word' id='word_1_100' title='bbox 981 1985 1058 2050; x_wconf 84' lang='lat' dir='ltr'><strong>qrros</strong></span> <span class='ocrx_word' id='word_1_101' title='bbox 1080 1970 1168 2052; x_wconf 87' lang='lat' dir='ltr'><strong>plena</strong></span> <span class='ocrx_word' id='word_1_102' title='bbox 1191 1987 1265 2036; x_wconf 90' lang='lat' dir='ltr'><strong>sua-</strong></span> 
     </span>
     <span class='ocr_line' id='line_1_14' title="bbox 167 2082 1265 2166; baseline 0.004 -22"><span class='ocrx_word' id='word_1_103' title='bbox 167 2083 267 2146; x_wconf 81' lang='lat' dir='ltr'><strong>vitatis</strong></span> <span class='ocrx_word' id='word_1_104' title='bbox 290 2084 383 2146; x_wconf 88' lang='lat' dir='ltr'><strong>virtus</strong></span> <span class='ocrx_word' id='word_1_105' title='bbox 407 2085 564 2166; x_wconf 87' lang='lat' dir='ltr'><strong>conprimit</strong></span> <span class='ocrx_word' id='word_1_106' title='bbox 586 2090 616 2146; x_wconf 88' lang='lat' dir='ltr'><strong>et</strong></span> <span class='ocrx_word' id='word_1_107' title='bbox 638 2090 775 2162; x_wconf 91' lang='lat' dir='ltr'><strong>coercet,</strong></span> <span class='ocrx_word' id='word_1_108' title='bbox 801 2083 865 2165; x_wconf 91' lang='lat' dir='ltr'><strong>ipsa</strong></span> <span class='ocrx_word' id='word_1_109' title='bbox 887 2082 943 2145; x_wconf 91' lang='lat' dir='ltr'><strong>sibi</strong></span> <span class='ocrx_word' id='word_1_110' title='bbox 967 2082 1137 2146; x_wconf 86' lang='lat' dir='ltr'><strong>domesticis</strong></span> <span class='ocrx_word' id='word_1_111' title='bbox 1159 2083 1265 2164; x_wconf 90' lang='lat' dir='ltr'><strong>opibus</strong></span> 
     </span>
     <span class='ocr_line' id='line_1_15' title="bbox 120 2194 1266 2278; baseline 0.003 -20"><span class='ocrx_word' id='word_1_112' title='bbox 120 2208 121 2224; x_wconf 65' lang='lat'>¹</span> <span class='ocrx_word' id='word_1_113' title='bbox 167 2195 325 2260; x_wconf 87' lang='lat' dir='ltr'><strong>abundans</strong></span> <span class='ocrx_word' id='word_1_114' title='bbox 356 2197 405 2259; x_wconf 91' lang='lat' dir='ltr'><strong>vel</strong></span> <span class='ocrx_word' id='word_1_115' title='bbox 433 2195 470 2261; x_wconf 91' lang='lat' dir='ltr'><strong>ad</strong></span> <span class='ocrx_word' id='word_1_116' title='bbox 501 2197 712 2260; x_wconf 89' lang='lat' dir='ltr'><strong>conscientiam</strong></span> <span class='ocrx_word' id='word_1_117' title='bbox 738 2196 785 2260; x_wconf 89' lang='lat' dir='ltr'><strong>vei</strong></span> <span class='ocrx_word' id='word_1_118' title='bbox 807 2194 845 2257; x_wconf 88' lang='lat' dir='ltr'><strong>ad</strong></span> <span class='ocrx_word' id='word_1_119' title='bbox 871 2196 1004 2278; x_wconf 69' lang='lat' dir='ltr'><strong>gratiam.</strong></span> <span class='ocrx_word' id='word_1_120' title='bbox 1047 2196 1154 2276; x_wconf 88' lang='lat' dir='ltr'><strong>Neque</strong></span> <span class='ocrx_word' id='word_1_121' title='bbox 1187 2197 1266 2261; x_wconf 90' lang='lat' dir='ltr'><strong>enim</strong></span> 
     </span>
     <span class='ocr_line' id='line_1_16' title="bbox 166 2306 1267 2392; baseline -0.001 -20"><span class='ocrx_word' id='word_1_122' title='bbox 166 2327 270 2391; x_wconf 89' lang='lat' dir='ltr'><strong>parum</strong></span> <span class='ocrx_word' id='word_1_123' title='bbox 293 2310 396 2372; x_wconf 87' lang='lat' dir='ltr'><strong>beatus</strong></span> <span class='ocrx_word' id='word_1_124' title='bbox 412 2309 551 2392; x_wconf 82' lang='lat' dir='ltr'><strong>Moyses,</strong></span> <span class='ocrx_word' id='word_1_125' title='bbox 568 2306 596 2387; x_wconf 83' lang='lat'><strong>³)</strong></span> <span class='ocrx_word' id='word_1_126' title='bbox 619 2328 686 2372; x_wconf 90' lang='lat' dir='ltr'><strong>cum</strong></span> <span class='ocrx_word' id='word_1_127' title='bbox 709 2308 926 2391; x_wconf 77' lang='lat' dir='ltr'><strong>Aegyptiorum</strong></span> <span class='ocrx_word' id='word_1_128' title='bbox 950 2308 1074 2372; x_wconf 87' lang='lat' dir='ltr'><strong>vallatus</strong></span> <span class='ocrx_word' id='word_1_129' title='bbox 1096 2309 1213 2391; x_wconf 89' lang='lat' dir='ltr'><strong>populis</strong></span> <span class='ocrx_word' id='word_1_130' title='bbox 1236 2314 1267 2376; x_wconf 88' lang='lat' dir='ltr'><strong>et</strong></span> 
     </span>
    </p>
   </div>
   <div class='ocr_carea' id='block_1_6' title="bbox 164 2421 1268 3864">
    <p class='ocr_par' dir='ltr' id='par_1_6' title="bbox 164 2421 1267 2846">
     <span class='ocr_line' id='line_1_17' title="bbox 166 2421 1266 2505; baseline 0 -20"><span class='ocrx_word' id='word_1_131' title='bbox 166 2424 242 2486; x_wconf 92' lang='lat' dir='ltr'><strong>mari</strong></span> <span class='ocrx_word' id='word_1_132' title='bbox 265 2422 384 2486; x_wconf 89' lang='lat' dir='ltr'><strong>clausus</strong></span> <span class='ocrx_word' id='word_1_133' title='bbox 407 2441 462 2505; x_wconf 90' lang='lat' dir='ltr'><strong>per</strong></span> <span class='ocrx_word' id='word_1_134' title='bbox 482 2421 587 2485; x_wconf 86' lang='lat' dir='ltr'><strong>fluctus</strong></span> <span class='ocrx_word' id='word_1_135' title='bbox 606 2423 662 2486; x_wconf 88' lang='lat' dir='ltr'><strong>sibi</strong></span> <span class='ocrx_word' id='word_1_136' title='bbox 680 2428 709 2485; x_wconf 91' lang='lat' dir='ltr'><strong>et</strong></span> <span class='ocrx_word' id='word_1_137' title='bbox 723 2423 835 2504; x_wconf 92' lang='lat' dir='ltr'><strong>populo</strong></span> <span class='ocrx_word' id='word_1_138' title='bbox 857 2429 972 2503; x_wconf 90' lang='lat' dir='ltr'><strong>patrum</strong></span> <span class='ocrx_word' id='word_1_139' title='bbox 995 2421 1166 2503; x_wconf 78' lang='lat' dir='ltr'><strong>pedestrem</strong></span> <span class='ocrx_word' id='word_1_140' title='bbox 1187 2423 1266 2485; x_wconf 87' lang='lat' dir='ltr'><strong>viam</strong></span> 
     </span>
     <span class='ocr_line' id='line_1_18' title="bbox 166 2533 1267 2618; baseline 0.003 -21"><span class='ocrx_word' id='word_1_141' title='bbox 166 2537 223 2618; x_wconf 93' lang='lat' dir='ltr'><strong>piis</strong></span> <span class='ocrx_word' id='word_1_142' title='bbox 256 2536 368 2598; x_wconf 92' lang='lat' dir='ltr'><strong>meritis</strong></span> <span class='ocrx_word' id='word_1_143' title='bbox 398 2535 570 2598; x_wconf 84' lang='lat' dir='ltr'><strong>invenisset.</strong></span> <span class='ocrx_word' id='word_1_144' title='bbox 624 2535 750 2609; x_wconf 81' lang='lat' dir='ltr'><strong>Quando</strong></span> <span class='ocrx_word' id='word_1_145' title='bbox 784 2542 881 2598; x_wconf 88' lang='lat' dir='ltr'><strong>autem</strong></span> <span class='ocrx_word' id='word_1_146' title='bbox 912 2533 1035 2613; x_wconf 81' lang='lat' dir='ltr'><strong>fortior,</strong></span> <span class='ocrx_word' id='word_1_147' title='bbox 1069 2553 1157 2616; x_wconf 87' lang='lat' dir='ltr'><strong>quam</strong></span> <span class='ocrx_word' id='word_1_148' title='bbox 1185 2543 1267 2617; x_wconf 87' lang='lat' dir='ltr'><strong>tunc,</strong></span> 
     </span>
     <span class='ocr_line' id='line_1_19' title="bbox 167 2648 1266 2731; baseline 0.003 -19"><span class='ocrx_word' id='word_1_149' title='bbox 167 2668 234 2712; x_wconf 91' lang='lat' dir='ltr'><strong>cum</strong></span> <span class='ocrx_word' id='word_1_150' title='bbox 258 2649 399 2712; x_wconf 86' lang='lat' dir='ltr'><strong>extremis</strong></span> <span class='ocrx_word' id='word_1_151' title='bbox 430 2649 648 2713; x_wconf 90' lang='lat' dir='ltr'><strong>circumventus</strong></span> <span class='ocrx_word' id='word_1_152' title='bbox 678 2648 817 2730; x_wconf 88' lang='lat' dir='ltr'><strong>periculis</strong></span> <span class='ocrx_word' id='word_1_153' title='bbox 840 2666 901 2710; x_wconf 93' lang='lat' dir='ltr'><strong>non</strong></span> <span class='ocrx_word' id='word_1_154' title='bbox 925 2648 1102 2731; x_wconf 82' lang='lat' dir='ltr'><strong>desperabat</strong></span> <span class='ocrx_word' id='word_1_155' title='bbox 1131 2649 1266 2730; x_wconf 86' lang='lat' dir='ltr'><strong>salutem,</strong></span> 
     </span>
     <span class='ocr_line' id='line_1_20' title="bbox 164 2762 606 2846; baseline -0.002 -20"><span class='ocrx_word' id='word_1_156' title='bbox 164 2763 219 2826; x_wconf 90' lang='lat' dir='ltr'><strong>sed</strong></span> <span class='ocrx_word' id='word_1_157' title='bbox 243 2762 383 2846; x_wconf 81' lang='lat' dir='ltr'><strong>exigebat</strong></span> <span class='ocrx_word' id='word_1_158' title='bbox 405 2763 606 2844; x_wconf 84' lang='lat' dir='ltr'><strong>triumphum?</strong></span> 
     </span>
    </p>

    <p class='ocr_par' dir='ltr' id='par_1_7' title="bbox 165 2873 1268 3750">
     <span class='ocr_line' id='line_1_21' title="bbox 256 2873 1267 2958; baseline -0.001 -19"><span class='ocrx_word' id='word_1_159' title='bbox 256 2874 304 2939; x_wconf 91' lang='grc'><strong>11.</strong></span> <span class='ocrx_word' id='word_1_160' title='bbox 349 2874 427 2950; x_wconf 82' lang='lat' dir='ltr'><strong>Ouid</strong></span> <span class='ocrx_word' id='word_1_161' title='bbox 449 2875 553 2938; x_wconf 85' lang='lat' dir='ltr'><strong>Aaron</strong></span> <span class='ocrx_word' id='word_1_162' title='bbox 570 2873 612 2958; x_wconf 83' lang='lat'><strong>⁴),</strong></span> <span class='ocrx_word' id='word_1_163' title='bbox 636 2875 755 2957; x_wconf 90' lang='lat' dir='ltr'><strong>quando</strong></span> <span class='ocrx_word' id='word_1_164' title='bbox 779 2891 813 2938; x_wconf 92' lang='lat' dir='ltr'><strong>se</strong></span> <span class='ocrx_word' id='word_1_165' title='bbox 836 2876 998 2938; x_wconf 87' lang='lat' dir='ltr'><strong>beatiorem</strong></span> <span class='ocrx_word' id='word_1_166' title='bbox 1022 2874 1155 2955; x_wconf 90' lang='lat' dir='ltr'><strong>credidit,</strong></span> <span class='ocrx_word' id='word_1_167' title='bbox 1179 2893 1267 2957; x_wconf 87' lang='lat' dir='ltr'><strong>quam</strong></span> 
     </span>
     <span class='ocr_line' id='line_1_22' title="bbox 165 2988 1268 3070; baseline 0.001 -17"><span class='ocrx_word' id='word_1_168' title='bbox 165 2997 256 3070; x_wconf 90' lang='lat' dir='ltr'><strong>tunc,</strong></span> <span class='ocrx_word' id='word_1_169' title='bbox 283 2990 403 3070; x_wconf 88' lang='lat' dir='ltr'><strong>quando</strong></span> <span class='ocrx_word' id='word_1_170' title='bbox 427 2988 541 3051; x_wconf 90' lang='lat' dir='ltr'><strong>medius</strong></span> <span class='ocrx_word' id='word_1_171' title='bbox 565 2989 646 3052; x_wconf 89' lang='lat' dir='ltr'><strong>stetit</strong></span> <span class='ocrx_word' id='word_1_172' title='bbox 668 2989 746 3052; x_wconf 92' lang='lat' dir='ltr'><strong>inter</strong></span> <span class='ocrx_word' id='word_1_173' title='bbox 769 2989 855 3052; x_wconf 88' lang='lat' dir='ltr'><strong>vivos</strong></span> <span class='ocrx_word' id='word_1_174' title='bbox 879 3006 915 3051; x_wconf 90' lang='lat' dir='ltr'><strong>ao</strong></span> <span class='ocrx_word' id='word_1_175' title='bbox 937 2995 1071 3053; x_wconf 92' lang='lat' dir='ltr'><strong>mortuos</strong></span> <span class='ocrx_word' id='word_1_176' title='bbox 1095 2995 1124 3050; x_wconf 92' lang='lat' dir='ltr'><strong>et</strong></span> <span class='ocrx_word' id='word_1_177' title='bbox 1145 2989 1268 3054; x_wconf 85' lang='lat' dir='ltr'><strong>obiectu</strong></span> 
     </span>
     <span class='ocr_line' id='line_1_23' title="bbox 166 3101 1267 3184; baseline 0 -18"><span class='ocrx_word' id='word_1_178' title='bbox 166 3103 213 3166; x_wconf 93' lang='lat' dir='ltr'><strong>sui</strong></span> <span class='ocrx_word' id='word_1_179' title='bbox 235 3103 336 3166; x_wconf 90' lang='lat' dir='ltr'><strong>statuit</strong></span> <span class='ocrx_word' id='word_1_180' title='bbox 360 3111 503 3182; x_wconf 89' lang='lat' dir='ltr'><strong>mortem,</strong></span> <span class='ocrx_word' id='word_1_181' title='bbox 534 3122 573 3166; x_wconf 91' lang='lat' dir='ltr'><strong>ne</strong></span> <span class='ocrx_word' id='word_1_182' title='bbox 596 3103 632 3166; x_wconf 86' lang='lat' dir='ltr'><strong>ad</strong></span> <span class='ocrx_word' id='word_1_183' title='bbox 658 3103 792 3165; x_wconf 88' lang='lat' dir='ltr'><strong>vivorum</strong></span> <span class='ocrx_word' id='word_1_184' title='bbox 822 3104 963 3166; x_wconf 87' lang='lat' dir='ltr'><strong>transiret</strong></span> <span class='ocrx_word' id='word_1_185' title='bbox 994 3103 1111 3184; x_wconf 84' lang='lat' dir='ltr'><strong>agmina</strong></span> <span class='ocrx_word' id='word_1_186' title='bbox 1134 3122 1151 3166; x_wconf 90' lang='lat' dir='ltr'><strong>a</strong></span> <span class='ocrx_word' id='word_1_187' title='bbox 1174 3101 1267 3166; x_wconf 84' lang='lat' dir='ltr'><strong>cada-</strong></span> 
     </span>
     <span class='ocr_line' id='line_1_24' title="bbox 165 3212 1268 3299; baseline -0.004 -18"><span class='ocrx_word' id='word_1_188' title='bbox 165 3217 287 3281; x_wconf 90' lang='lat' dir='ltr'><strong>veribus</strong></span> <span class='ocrx_word' id='word_1_189' title='bbox 321 3217 533 3282; x_wconf 83' lang='lat' dir='ltr'><strong>mortuorum?</strong></span> <span class='ocrx_word' id='word_1_190' title='bbox 577 3217 654 3293; x_wconf 82' lang='lat' dir='ltr'><strong>Quid</strong></span> <span class='ocrx_word' id='word_1_191' title='bbox 678 3217 715 3280; x_wconf 89' lang='lat' dir='ltr'><strong>de</strong></span> <span class='ocrx_word' id='word_1_192' title='bbox 738 3236 839 3299; x_wconf 90' lang='lat' dir='ltr'><strong>puero·</strong></span> <span class='ocrx_word' id='word_1_193' title='bbox 856 3216 981 3280; x_wconf 87' lang='lat' dir='ltr'><strong>Daniele</strong></span> <span class='ocrx_word' id='word_1_194' title='bbox 997 3212 1029 3298; x_wconf 84' lang='lat'><strong>⁵)</strong></span> <span class='ocrx_word' id='word_1_195' title='bbox 1060 3214 1184 3296; x_wconf 88' lang='lat' dir='ltr'><strong>loquar,</strong></span> <span class='ocrx_word' id='word_1_196' title='bbox 1217 3214 1268 3295; x_wconf 89' lang='lat' dir='ltr'><strong>qui</strong></span> 
     </span>
     <span class='ocr_line' id='line_1_25' title="bbox 167 3324 1267 3412; baseline -0.005 -19"><span class='ocrx_word' id='word_1_197' title='bbox 167 3337 227 3393; x_wconf 91' lang='lat' dir='ltr'><strong>tam</strong></span> <span class='ocrx_word' id='word_1_198' title='bbox 250 3331 371 3412; x_wconf 86' lang='lat' dir='ltr'><strong>sapiens</strong></span> <span class='ocrx_word' id='word_1_199' title='bbox 395 3335 474 3408; x_wconf 86' lang='lat' dir='ltr'><strong>crat,</strong></span> <span class='ocrx_word' id='word_1_200' title='bbox 506 3335 538 3392; x_wconf 93' lang='lat' dir='ltr'><strong>ut</strong></span> <span class='ocrx_word' id='word_1_201' title='bbox 559 3331 638 3392; x_wconf 91' lang='lat' dir='ltr'><strong>inter</strong></span> <span class='ocrx_word' id='word_1_202' title='bbox 660 3329 765 3392; x_wconf 90' lang='lat' dir='ltr'><strong>leones</strong></span> <span class='ocrx_word' id='word_1_203' title='bbox 789 3328 868 3391; x_wconf 86' lang='lat' dir='ltr'><strong>same</strong></span> <span class='ocrx_word' id='word_1_204' title='bbox 890 3332 1085 3406; x_wconf 87' lang='lat' dir='ltr'><strong>exasperatos</strong></span> <span class='ocrx_word' id='word_1_205' title='bbox 1108 3324 1186 3389; x_wconf 89' lang='lat' dir='ltr'><strong>nulla</strong></span> <span class='ocrx_word' id='word_1_206' title='bbox 1208 3324 1267 3388; x_wconf 90' lang='lat' dir='ltr'><strong>be-</strong></span> 
     </span>
     <span class='ocr_line' id='line_1_26' title="bbox 166 3437 1268 3524; baseline -0.01 -15"><span class='ocrx_word' id='word_1_207' title='bbox 166 3443 261 3509; x_wconf 88' lang='lat' dir='ltr'><strong>stialis</strong></span> <span class='ocrx_word' id='word_1_208' title='bbox 285 3443 428 3506; x_wconf 89' lang='lat' dir='ltr'><strong>saevitiae</strong></span> <span class='ocrx_word' id='word_1_209' title='bbox 449 3441 643 3524; x_wconf 78' lang='lat' dir='ltr'><strong>frangeretur</strong></span> <span class='ocrx_word' id='word_1_210' title='bbox 666 3441 839 3520; x_wconf 87' lang='lat' dir='ltr'><strong>formidine,</strong></span> <span class='ocrx_word' id='word_1_211' title='bbox 870 3441 909 3504; x_wconf 89' lang='lat' dir='ltr'><strong>ita</strong></span> <span class='ocrx_word' id='word_1_212' title='bbox 931 3437 1047 3501; x_wconf 88' lang='lat' dir='ltr'><strong>alicnus</strong></span> <span class='ocrx_word' id='word_1_213' title='bbox 1070 3455 1088 3499; x_wconf 89' lang='lat' dir='ltr'><strong>a</strong></span> <span class='ocrx_word' id='word_1_214' title='bbox 1110 3443 1208 3516; x_wconf 87' lang='lat' dir='ltr'><strong>metu,</strong></span> <span class='ocrx_word' id='word_1_215' title='bbox 1235 3441 1268 3504; x_wconf 89' lang='lat' dir='ltr'><strong>ut</strong></span> 
     </span>
     <span class='ocr_line' id='line_1_27' title="bbox 166 3549 1267 3637; baseline -0.005 -19"><span class='ocrx_word' id='word_1_216' title='bbox 166 3562 270 3637; x_wconf 88' lang='lat' dir='ltr'><strong>posset</strong></span> <span class='ocrx_word' id='word_1_217' title='bbox 302 3555 432 3637; x_wconf 89' lang='lat' dir='ltr'><strong>epulari,</strong></span> <span class='ocrx_word' id='word_1_218' title='bbox 467 3574 524 3618; x_wconf 88' lang='lat' dir='ltr'><strong>nec</strong></span> <span class='ocrx_word' id='word_1_219' title='bbox 558 3561 731 3634; x_wconf 88' lang='lat' dir='ltr'><strong>vereretur,</strong></span> <span class='ocrx_word' id='word_1_220' title='bbox 765 3572 805 3618; x_wconf 91' lang='lat' dir='ltr'><strong>ne</strong></span> <span class='ocrx_word' id='word_1_221' title='bbox 834 3552 871 3618; x_wconf 89' lang='lat' dir='ltr'><strong>ad</strong></span> <span class='ocrx_word' id='word_1_222' title='bbox 902 3557 1018 3633; x_wconf 91' lang='lat' dir='ltr'><strong>pastum</strong></span> <span class='ocrx_word' id='word_1_223' title='bbox 1051 3549 1188 3631; x_wconf 78' lang='lat' dir='ltr'><strong>exemplo</strong></span> <span class='ocrx_word' id='word_1_224' title='bbox 1220 3549 1267 3614; x_wconf 90' lang='lat' dir='ltr'><strong>sui</strong></span> 
     </span>
     <span class='ocr_line' id='line_1_28' title="bbox 167 3666 475 3750; baseline 0.003 -21"><span class='ocrx_word' id='word_1_225' title='bbox 167 3666 248 3730; x_wconf 83' lang='lat' dir='ltr'><strong>ieras</strong></span> <span class='ocrx_word' id='word_1_226' title='bbox 270 3669 475 3750; x_wconf 77' lang='lat' dir='ltr'><strong>provocaret?</strong></span> 
     </span>
    </p>

    <p class='ocr_par' dir='ltr' id='par_1_8' title="bbox 257 3773 1267 3864">
     <span class='ocr_line' id='line_1_29' title="bbox 257 3773 1267 3864; baseline -0.005 -22"><span class='ocrx_word' id='word_1_227' title='bbox 257 3777 305 3842; x_wconf 84' lang='lat'><strong>12.</strong></span> <span class='ocrx_word' id='word_1_228' title='bbox 350 3779 403 3844; x_wconf 86' lang='lat' dir='ltr'><strong>Est</strong></span> <span class='ocrx_word' id='word_1_229' title='bbox 425 3798 501 3864; x_wconf 81' lang='lat' dir='ltr'><strong>ergo</strong></span> <span class='ocrx_word' id='word_1_230' title='bbox 525 3787 556 3842; x_wconf 86' lang='lat' dir='ltr'><strong>et</strong></span> <span class='ocrx_word' id='word_1_231' title='bbox 577 3781 608 3843; x_wconf 91' lang='lat' dir='ltr'><strong>in</strong></span> <span class='ocrx_word' id='word_1_232' title='bbox 631 3779 737 3845; x_wconf 87' lang='lat' dir='ltr'><strong>doloro</strong></span> <span class='ocrx_word' id='word_1_233' title='bbox 759 3780 873 3857; x_wconf 86' lang='lat' dir='ltr'><strong>virtus,</strong></span> <span class='ocrx_word' id='word_1_234' title='bbox 895 3792 973 3858; x_wconf 85' lang='lat' dir='ltr'><strong>quae</strong></span> <span class='ocrx_word' id='word_1_235' title='bbox 993 3774 1052 3838; x_wconf 88' lang='lat' dir='ltr'><strong>sibi</strong></span> <span class='ocrx_word' id='word_1_236' title='bbox 1072 3773 1171 3837; x_wconf 91' lang='lat' dir='ltr'><strong>bonae</strong></span> <span class='ocrx_word' id='word_1_237' title='bbox 1193 3788 1267 3837; x_wconf 90' lang='lat' dir='ltr'><strong>sua-</strong></span> 
     </span>
    </p>
   </div>
   <div class='ocr_carea' id='block_1_7' title="bbox 165 4029 1266 4193">
    <p class='ocr_par' dir='ltr' id='par_1_9' title="bbox 165 4029 1266 4193">
     <span class='ocr_line' id='line_1_30' title="bbox 237 4029 1266 4106; baseline -0.006 -16"><span class='ocrx_word' id='word_1_238' title='bbox 237 4037 422 4103; x_wconf 56' lang='lat' dir='ltr'><strong>teutone,</strong></span> <span class='ocrx_word' id='word_1_239' title='bbox 448 4034 479 4086; x_wconf 92' lang='grc'><strong>11</strong></span> <span class='ocrx_word' id='word_1_240' title='bbox 500 4051 555 4106; x_wconf 87' lang='lat' dir='ltr'><strong>seq.</strong></span> <span class='ocrx_word' id='word_1_241' title='bbox 641 4033 670 4101; x_wconf 76' lang='lat'><strong>2)</strong></span> <span class='ocrx_word' id='word_1_242' title='bbox 687 4031 780 4102; x_wconf 68' lang='lat' dir='ltr'><strong>pbiattb.</strong></span> <span class='ocrx_word' id='word_1_243' title='bbox 803 4031 845 4098; x_wconf 90' lang='grc'><strong>16,</strong></span> <span class='ocrx_word' id='word_1_244' title='bbox 870 4031 912 4085; x_wconf 77' lang='lat' dir='ltr'><strong>ut.</strong></span> <span class='ocrx_word' id='word_1_245' title='bbox 1003 4030 1032 4100; x_wconf 81' lang='grc'><strong>3)</strong></span> <span class='ocrx_word' id='word_1_246' title='bbox 1056 4029 1137 4085; x_wconf 80' lang='lat' dir='ltr'><strong>Exod.</strong></span> <span class='ocrx_word' id='word_1_247' title='bbox 1158 4030 1201 4097; x_wconf 85' lang='lat' dir='ltr'><strong>tt,</strong></span> <span class='ocrx_word' id='word_1_248' title='bbox 1225 4029 1266 4096; x_wconf 73' lang='grc'><strong>13.</strong></span> 
     </span>
     <span class='ocr_line' id='line_1_31' title="bbox 165 4118 660 4193; baseline -0.01 -18"><span class='ocrx_word' id='word_1_249' title='bbox 165 4123 196 4193; x_wconf 81' lang='lat' dir='ltr'><strong>t)</strong></span> <span class='ocrx_word' id='word_1_250' title='bbox 215 4121 288 4175; x_wconf 85' lang='lat' dir='ltr'><strong>Num.</strong></span> <span class='ocrx_word' id='word_1_251' title='bbox 311 4121 353 4188; x_wconf 85' lang='grc'><strong>16,</strong></span> <span class='ocrx_word' id='word_1_252' title='bbox 372 4119 413 4173; x_wconf 80' lang='lat' dir='ltr'><strong>ta.</strong></span> <span class='ocrx_word' id='word_1_253' title='bbox 485 4120 514 4187; x_wconf 79' lang='lat'><strong>5)</strong></span> <span class='ocrx_word' id='word_1_254' title='bbox 534 4118 600 4173; x_wconf 85' lang='lat' dir='ltr'><strong>Dan.</strong></span> <span class='ocrx_word' id='word_1_255' title='bbox 620 4118 660 4171; x_wconf 84' lang='lat' dir='ltr'><strong>tt.</strong></span> 
     </span>
    </p>
   </div>
   <div class='ocr_carea' id='block_1_8' title="bbox 0 0 1492 4706">
    <p class='ocr_par' dir='ltr' id='par_1_10' title="bbox 0 0 1492 4706">
     <span class='ocr_line' id='line_1_32' title="bbox 0 0 1492 4706; baseline 0 0"><span class='ocrx_word' id='word_1_256' title='bbox 0 0 1492 4706; x_wconf 95' lang='lat' dir='ltr'><strong> </strong></span> 
     </span>
    </p>
   </div>
  </div>
 </body>
</html>
