2976 4706
264 403 328 466 202
713 401 737 456 S.
757 401 914 454 nuuuostt

263 563 439 626 sacramenti
462 567 559 625 tamen
593 549 841 644 contemplatione
872 561 982 627 iaciunt
1011 560 1091 646 quod
1122 561 1360 646 spoponderunt,

263 675 338 738 sicut
358 674 395 738 dc
410 674 531 739 llerude
554 691 644 756 supra
667 674 849 755 scripsimus,
873 675 923 755 qui
946 674 1088 737 saltatrici
1110 674 1272 756 praemium
1290 679 1359 737 tur·

262 790 340 870 piter
368 789 521 869 promisit,
551 787 720 870 tcrurleliter
748 788 845 852 solvit.
902 787 1002 870 l'urpe
1036 787 1115 870 quud
1145 805 1272 871 regnum
1301 805 1359 870 pro

262 901 419 964 saltatione
441 903 619 983 promittitur
626 921 636 979 3
668 901 790 966 crudele
813 899 894 982 quod
918 920 998 964 mors
1021 900 1185 984 prophetae
1207 918 1262 982 pro
1284 901 1360 962 iuris

262 1012 377 1077 iurandi
392 1015 540 1097 religione
556 1013 690 1077 donatur.
730 1016 847 1089 Quanto
863 1014 1045 1079 tolerabilius
1062 1015 1111 1078 tali
1127 1013 1234 1076 luisset
1249 1012 1358 1094 periu-

261 1125 337 1189 rium
360 1133 556 1206 saoramento,
580 1128 606 1188 si
630 1133 727 1189 tamen
749 1126 911 1208 periurium
933 1133 1039 1210 posset
1062 1125 1130 1204 dici,
1153 1121 1233 1204 quod
1257 1124 1360 1186 ebrius

263 1241 341 1302 inter
372 1239 439 1300 vina
468 1238 632 1318 iuraverat,
667 1239 746 1319 quod
779 1238 910 1301 eviratus
943 1238 1021 1301 iuter
1051 1237 1216 1300 saltantium
1248 1235 1361 1300 choros

262 1351 466 1432 promiserat?
503 1351 631 1415 lniertur·
649 1351 732 1416 disco
748 1351 912 1435 prophetae
930 1359 1032 1434 caput;
1055 1357 1085 1414 et
1099 1351 1158 1415 boc
1173 1353 1359 1416 aestimatum

263 1471 309 1528 est
330 1465 399 1528 fidei
422 1483 505 1545 csse,
530 1466 608 1547 quod
633 1467 779 1529 amentiae
803 1466 865 1529 luit

351 1575 401 1641 78.
446 1577 554 1658 Neque
585 1596 723 1658 umquam
756 1577 900 1658 adducar,
934 1586 965 1641 ut
997 1576 1117 1641 credam
1151 1593 1213 1641 non
1241 1575 1361 1639 incaute

264 1693 437 1775 promisisse
463 1691 627 1773 principem
649 1689 785 1773 Iepbthe,
808 1687 837 1775 1)
869 1696 901 1754 ut
932 1691 1097 1755 immolaret
1127 1689 1186 1754 deo
1216 1687 1362 1772 quidquid

262 1806 319 1869 sibi
348 1805 511 1868 revertenti
538 1804 616 1867 iutra
644 1803 733 1866 limen
764 1803 870 1868 domus
899 1821 973 1868 suae
1003 1811 1194 1883 occurreret,
1228 1821 1295 1866 cum
1329 1808 1362 1864 ct

262 1920 357 2002 ipsum
379 1919 442 1982 voti
464 1918 642 2000 paenituerit
664 1918 719 1996 sui,
743 1923 899 1999 postquam
922 1917 980 1980 iilia
1004 1918 1134 1981 occurrit
1153 1917 1217 1980 sibi.
1263 1914 1361 1978 lieni-

262 2051 323 2114 que
347 2032 493 2097 conscidit
516 2033 690 2094 vestimenta
713 2050 768 2094 sua
791 2039 821 2094 et
843 2031 932 2094 dixit:
946 2029 979 2116 ²)
1006 2031 1074 2094 Heu
1096 2051 1160 2110 me,
1189 2031 1277 2110 filia,
1306 2031 1360 2091 in-

259 2147 379 2227 podisii
400 2165 464 2224 mc,
500 2146 534 2207 in
560 2147 718 2208 stimulam
748 2147 892 2209 dotorum
914 2144 1006 2224 facta
1028 2163 1062 2209 cs
1082 2145 1166 2208 mibi.
1213 2145 1269 2220 Qui
1290 2143 1363 2207 licet
1472 2117 1473 2152 ³

262 2260 312 2342 pio
335 2267 415 2322 metu
437 2279 472 2322 ac
495 2259 652 2322 formidine
684 2261 875 2323 acerbitatem
898 2259 991 2322 durae
1013 2259 1169 2324 solutionis
1193 2257 1361 2341 inpleverit,

263 2381 361 2436 tamen
382 2374 492 2437 luctum
524 2392 652 2436 annuum
684 2373 771 2436 etium
800 2375 930 2455 posteris
959 2371 1173 2454 deplorandum
1202 2371 1301 2434 statuit
1324 2389 1362 2434 aa
1471 2367 1472 2380 ¹

262 2485 429 2566 dereliquit.
474 2486 556 2548 Dum
578 2487 755 2568 promissio,
787 2488 925 2551 acerbior
955 2486 1081 2566 solutio,
1112 2504 1200 2566 quam
1231 2503 1361 2549 necesse

261 2597 363 2660 babuit
384 2597 491 2678 lugere
513 2598 600 2658 etiam
623 2598 687 2678 ipse
710 2599 759 2678 qui
778 2596 863 2660 leuitt
907 2598 1043 2678 Denique
1066 2599 1175 2663 lactum
1197 2605 1244 2662 est
1264 2617 1360 2680 prae—

262 2717 380 2792 ceptum
405 2718 435 2773 et
458 2709 610 2773 decretum
633 2709 663 2771 in
684 2709 775 2773 lsrael
807 2729 846 2774 ex
869 2711 973 2774 diebus
997 2713 1026 2775 in
1051 2711 1130 2776 dies:
1148 2710 1180 2798 ³)
1208 2711 1359 2776 Ambula-

262 2827 354 2902 bant‚
388 2825 500 2906 inquit,
531 2825 620 2904 tiliae
646 2825 759 2903 populi
786 2822 903 2903 lsrael,
939 2826 1077 2905 turpentes
1105 2827 1204 2907 titiana
1232 2827 1360 2907 lcpbtlue

266 2937 477 3004 Galaaditidis
507 2947 654 3019 quartuor
680 2938 790 3002 diebus
812 2940 847 3000 in
870 2959 963 3002 anno.
1008 2940 1076 3005 lton
1110 2959 1234 3022 possum
1265 2959 1360 3004 accu-

262 3069 332 3121 sare
356 3051 469 3130 virum,
502 3051 553 3132 qui
576 3069 705 3114 necesse
737 3051 839 3115 habuit
868 3051 984 3134 inplere
1018 3052 1100 3135 quod
1130 3059 1271 3132 voverat;
1302 3054 1359 3117 sed

262 3171 360 3234 tamen
383 3163 558 3227 miserabilis
581 3165 764 3244 necessitas,
788 3183 864 3247 quae
887 3164 1011 3229 solvitur
1033 3165 1202 3248 parricidio.

350 3275 400 3342 79.
446 3277 550 3342 ltlelius
574 3283 703 3342 estnon
726 3297 850 3358 vovere,
881 3297 967 3360 quam
988 3298 1103 3343 vovere
1125 3280 1164 3360 id,
1188 3279 1268 3363 quod
1290 3281 1358 3361 sibi,

262 3393 311 3458 cui
347 3394 544 3474 promittitur,
583 3393 658 3457 nolit
690 3392 816 3455 exsolvi.
868 3393 1046 3475 Denique
1038 3412 1067 3455 ru
1100 3393 1184 3456 lsaac
1216 3395 1358 3458 babemus

263 3507 446 3588 exemplum,
462 3502 494 3588 1)
524 3523 580 3587 pro
603 3520 662 3585 quo
687 3505 808 3567 arietem
831 3504 966 3568 dominus
996 3507 1096 3570 statuit
1124 3508 1268 3570 immolari
1291 3509 1357 3570 sibi

259 3619 330 3690 lton
359 3637 478 3702 semper
508 3620 598 3702 igitur
625 3621 772 3701 promissa
801 3620 944 3684 solvenda
975 3622 1072 3684 omnia
1099 3627 1176 3683 sunt.
1220 3621 1357 3702 Denique

261 3737 327 3817 ipse
349 3732 485 3796 dominus
508 3733 684 3815 frequenter
701 3750 785 3796 suam
803 3739 894 3796 mutat
909 3734 1097 3814 sententiam,
1118 3736 1195 3796 sicut
1210 3736 1357 3816 scriptura

262 3849 379 3917 indicat.
423 3847 497 3910 Nam
520 3854 550 3910 et
572 3849 603 3909 in
627 3863 665 3910 eo
694 3846 787 3927 libro,
819 3849 870 3927 qui
899 3847 1038 3910 scribitur
1061 3844 1250 3931 Numeri,⁵]
1231 3844 1357 3931 ]··pro

334 4126 362 4190 1)
381 4123 435 4178 Iud.
456 4123 498 4192 11,
518 4124 552 4175 30
568 4141 641 4194 seqq.
694 4125 723 4190 2)
742 4123 805 4178 lbirl.
824 4141 848 4177 v.
868 4123 909 4176 35.
967 4123 995 4190 3)
1013 4123 1077 4177 lbid.
1096 4141 1121 4178 v.
1139 4125 1182 4176 40.
1244 4125 1274 4196 4)
1293 4124 1355 4180 Gen.
1467 4155 1468 4194 ,

264 4212 306 4276 22,
327 4211 367 4262 13.
438 4211 466 4275 5)
486 4207 549 4276 Cap.
566 4210 612 4261 -.tt
631 4226 655 4262 v.
678 4209 717 4260 12.
