2976 4706
449 351 496 406 DE
514 348 651 406 osstcus
669 347 895 405 mutabatis
912 349 1009 404 umba
1026 350 1057 406 lt
1239 359 1303 426 147

203 511 338 576 Fuerunt
359 516 456 575 lamen
479 509 530 591 qui
552 517 583 573 et
604 525 681 590 qnos
696 509 844 577 ecclesiae
859 509 1060 592 redemerunt,
1083 513 1113 578 io
1130 515 1304 581 servitmem

205 640 353 687 revocare
375 623 496 701 vellent,
518 623 582 704 ipsa
602 622 761 706 graviores
777 622 956 703 captivitate,
979 624 1030 705 qui
1044 625 1211 692 inviderent
1225 630 1303 694 alin-

204 753 272 798 nam
292 735 537 800 misericordiam.
574 735 634 816 lpsi
656 735 682 798 si
704 735 735 798 io
754 734 953 816 captivitatem
967 739 1131 820 venissent,
1154 744 1304 806 servirent

204 847 291 911 liberi
300 869 310 925 ;
332 849 358 911 si
374 846 485 912 venditi
500 847 635 926 fuissent,
657 848 810 910 servitutis
826 847 1019 912 ministerium
1034 868 1095 914 non
1111 861 1302 933 recusarent3

204 966 235 1023 et
256 959 361 1024 volunt
383 961 510 1024 alienam
532 960 698 1024 libertatem
719 960 912 1040 rescindere,
944 965 996 1044 qui
1023 981 1108 1026 suana
1129 969 1303 1034 servitutem

203 1089 265 1136 uon
288 1079 414 1154 possent
435 1071 628 1153 rescindere,
662 1073 719 1138 nisi
750 1073 831 1138 forte
859 1075 987 1156 pretium
1016 1076 1154 1158 recipere
1178 1082 1303 1163 emptori

204 1183 352 1266 placere13
375 1185 406 1247 in
429 1202 489 1266 quo
512 1193 610 1248 tamen
633 1203 695 1249 non
711 1185 892 1250 rescinditur
906 1187 1046 1268 servitos,
1070 1191 1124 1252 sed
1139 1191 1302 1258 redimitur.

294 1296 344 1362 tl.
387 1297 550 1378 Praecipua
573 1303 620 1360 est
641 1298 732 1381 igitur
753 1298 922 1378 liberalitas,
945 1299 1095 1364 redimere
1115 1305 1251 1384 captivos
1273 1312 1304 1380 et

110 1459 113 1464 .
203 1411 330 1476 maxime
359 1411 395 1473 ab
426 1411 515 1474 boslc
543 1411 690 1490 barbaro,
723 1413 774 1493 qui
803 1411 875 1474 nibil
903 1411 1020 1476 delerat
1050 1413 1236 1481 humanitatis
1265 1418 1303 1482 ad

204 1522 448 1602 misericordiam,
472 1525 530 1586 nisi
547 1522 630 1604 quod
644 1524 766 1588 avaritia
780 1526 983 1588 reservaverit
997 1526 1034 1590 ad
1049 1527 1303 1610 redemptionemr

205 1653 257 1700 aes
281 1636 409 1699 alienum
431 1636 549 1714 subire,
578 1638 604 1699 si
628 1636 746 1699 debitor
767 1635 913 1700 solvendo
936 1656 996 1701 non
1019 1639 1168 1722 citatque
1191 1648 1305 1706 artctrn

205 1750 241 1814 ad
264 1750 455 1840 solutionem,
478 1769 556 1831 quac
575 1751 614 1813 sit
633 1751 698 1814 iure
719 1750 816 1815 debita
832 1758 863 1816 et
877 1752 977 1834 inopia
993 1752 1148 1831 destituta3
1172 1754 1303 1818 enutrire

204 1864 357 1945 purvulos,
381 1862 509 1946 pupillos
531 1864 617 1928 tueri.

293 1973 343 2039 72.
387 1976 463 2042 Sunt
485 1976 573 2040 etiam
596 1976 804 2058 univirgines
827 1977 946 2040 orbatas
972 1979 1144 2058 parentibus
1173 1978 1303 2044 tuendae

203 2088 363 2172 pudicitiae
385 2077 480 2172 pratia
503 2089 632 2153 conubio
656 2089 774 2167 locent,
796 2107 854 2151 nec
876 2061 972 2150 solnm
994 2087 1111 2168 studio,
1137 2089 1192 2152 sed
1214 2092 1303 2154 etiarn

205 2207 323 2284 sumptu
355 2201 504 2266 adiuvent.
549 2201 602 2264 Est
635 2202 721 2266 ctiam
756 2218 853 2283 genus
885 2198 956 2262 illud
988 2199 1187 2280 liberalitatis,
1221 2201 1302 2282 quod

205 2314 359 2394 apostolus
382 2313 487 2378 docet:
507 2311 535 2396 ¹)
560 2314 648 2378 Utri
672 2316 742 2394 quic
762 2313 867 2395 fidelis
887 2313 980 2376 babet
1000 2313 1128 2391 viduor,
1151 2314 1303 2378 submini-

205 2436 284 2492 stret
302 2430 382 2510 illis,
406 2439 441 2492 ut
461 2447 569 2491 eoram
591 2429 751 2491 alimoniis
767 2428 911 2492 Ecclesia
929 2446 994 2490 non
1006 2434 1168 2509 procetur,
1191 2436 1227 2489 ct
1241 2428 1302 2507 bis,

205 2558 285 2621 cclcc
305 2560 378 2604 cere
399 2542 514 2606 ciduuc
536 2549 620 2618 scot,
644 2541 790 2623 sufficiat.

295 2649 345 2714 73.
383 2652 467 2716 Utilis
488 2652 581 2736 igitur
602 2649 769 2716 huiusmodi
791 2651 961 2729 liberalitas,
985 2649 1039 2714 sed
1062 2669 1122 2716 non
1140 2653 1302 2718 communis

204 2762 352 2828 omnibus.
390 2764 464 2829 Sunt
487 2766 564 2828 enim
586 2764 724 2846 plerique
747 2765 833 2826 etiam
856 2763 914 2827 viri
935 2763 1016 2842 boni,
1040 2763 1091 2843 qui
1113 2770 1219 2828 tenues
1235 2771 1303 2829 sunt

205 2891 317 2954 censu,
347 2878 479 2941 conteuti
502 2876 621 2958 quidem
643 2877 756 2958 exiguo
779 2875 884 2939 adsui
907 2891 1011 2954 usum,
1041 2874 1096 2939 sed
1118 2892 1179 2940 non
1201 2874 1303 2940 idonei

202 2986 242 3050 ad
265 2987 428 3053 mtbsidium
448 2988 597 3052 levandae
612 2989 794 3070 paupertatis
811 2987 942 3064 alienae3
965 2994 1064 3049 lamen
1078 2988 1209 3070 suppetit
1223 2987 1302 3056 aliud

204 3101 420 3166 beneticentiae
442 3120 549 3185 genus,
576 3119 637 3182 quc
659 3101 764 3163 iuvare
785 3100 903 3182 possint
923 3099 1105 3164 interiorem.
1149 3099 1202 3162 Est
1224 3079 1302 3165 enirn

203 3211 316 3296 duplex
336 3213 516 3292 liberalitas;
539 3232 607 3292 una,
630 3231 708 3294 quaa
729 3212 864 3276 subsidio
887 3213 931 3276 rei
954 3211 1088 3290 adiuvat,
1112 3211 1142 3274 id
1166 3217 1222 3291 est,
1245 3229 1305 3296 usn¹

204 3326 369 3407 pecuniue;
401 3327 511 3405 altera,
542 3343 620 3407 puae
648 3343 773 3407 opernm
801 3323 970 3388 conlatione
992 3319 1179 3404 inpenditur,
1209 3323 1301 3390 mulla

203 3437 378 3520 frequenter
399 3437 585 3520 splendidior
604 3438 759 3519 ,multoque
781 3436 899 3501 clarior.

292 3547 343 3614 tt.
389 3551 505 3626 Quanto
529 3549 685 3616 ,inlustrius
707 3547 857 3614 Abrabam
873 3543 905 3630 ²)
932 3552 1049 3628 captum
1078 3546 1168 3610 annis
1195 3546 1301 3610 victri-

204 3663 287 3727 cibus
317 3664 433 3745 recepit
457 3669 613 3744 nepotem,
645 3680 732 3743 wem
760 3663 787 3726 si
810 3658 1015 3724 redemisset?
1059 3658 1178 3733 Quanto
1200 3659 1300 3724 utilius

200 3791 308 3856 regem
324 3775 508 3838 Pharaonem
530 3778 650 3838 sancbrs
665 3769 818 3856 loseph³J
840 3770 965 3835 consilio
988 3768 1194 3852 providentiae
1216 3771 1299 3850 iuvit,

203 3903 291 3968 quun
312 3888 340 3952 si
358 3887 537 3954 contulisset
564 3886 746 3968 pecuniam?
791 3883 919 3950 Pecunia
949 3883 1029 3947 enim
1056 3884 1144 3948 unius
1175 3883 1300 3950 civitatis

272 4125 304 4196 r)
325 4126 346 4180 r.
359 4125 421 4183 arm.
440 4127 466 4195 ⁵,
484 4126 528 4181 ae.
598 4125 739 4196 nnnc.
759 4124 802 4192 aa,
821 4125 863 4180 ro.
935 4125 964 4192 a)
982 4124 1046 4180 nst.
1058 4123 1109 4191 -tt,
1127 4123 1161 4178 aa
1179 4141 1234 4195 aeq.

1015 4219 1057 4288 10
1070 4219 1092 4260 θ
