2932 4700
189 381 232 448 ³4
630 375 657 433 1.
675 375 831 433 manaan

191 540 300 604 Nonne
315 539 384 604 ideo
399 543 430 600 ta
446 535 564 600 divitem
580 537 648 619 leci,
671 546 704 602 ut
719 539 942 604 excusationem
959 540 1070 605 habore
1084 557 1145 604 non
1160 541 1282 623 possis?

190 653 310 715 Dicatur
325 652 411 716 etiam
426 652 555 733 potenti:
579 649 639 714 Cur
653 670 714 716 non
730 650 849 715 adfuisti
864 653 981 733 viduae,
1004 653 1145 734 orphanis
1162 671 1282 734 quoque

191 766 324 828 iniuriam
351 765 553 848 patientibus?
597 764 744 847 Numquid
773 771 805 830 tu
836 766 968 830 infirmus
998 767 1093 830 erasi
1135 765 1283 848 Numquid

189 894 250 942 non
273 885 394 958 poteras
416 875 603 942 subvenire?
639 875 711 940 ldeo
731 882 761 938 te
777 874 835 939 feci
850 883 1011 959 potentem,
1033 896 1093 943 non
1108 885 1140 942 ut
1154 879 1282 944 inferres

190 991 375 1070 violentiam,
406 989 459 1054 sed
480 990 656 1072 repelleres.
702 990 770 1058 Non
793 990 846 1054 tibi
867 993 1008 1075 scriptum
1036 1000 1098 1058 est:
1124 990 1154 1077 ¹)
1186 993 1284 1073 Eripe

190 1107 340 1171 interiora
361 1105 588 1185 accipientem?
631 1105 699 1170 Non
726 1107 779 1170 tibi
807 1107 948 1189 scriptum
974 1113 1037 1174 est:
1053 1103 1086 1190 ²)
1116 1107 1285 1188 Pauperem

191 1230 221 1283 et
243 1240 368 1302 egenum
388 1220 426 1282 de
449 1239 543 1282 mona
564 1222 740 1300 peccatoris
758 1221 911 1286 liberate?
947 1222 1068 1285 Dicatur
1083 1221 1169 1284 etiarn
1184 1222 1284 1286 abun-

192 1331 290 1396 danti:
316 1332 431 1396 biberis
454 1337 484 1394 et
505 1332 669 1397 honoribus
692 1333 839 1398 cumulavi
861 1340 901 1414 te,
924 1333 1125 1398 salubritatem
1148 1335 1284 1414 corporis

192 1447 328 1510 concessi
348 1447 401 1510 tibi
408 1469 417 1524 3
449 1465 503 1510 cur
531 1466 592 1511 non
622 1454 744 1512 secutus
774 1465 807 1511 es
829 1455 989 1532 praecepta
1012 1448 1102 1512 mea?
1145 1447 1284 1511 Famulus

192 1577 286 1641 meus,
308 1559 377 1642 quid
400 1559 459 1624 leci
480 1561 541 1641 tibi,
565 1567 614 1624 aut
635 1562 705 1642 quid
728 1563 899 1626 contristari
921 1563 977 1626 te‘l
1020 1562 1128 1626 Nonne
1151 1561 1286 1645 egotibi

192 1673 303 1738 liberos
326 1674 411 1754 dedi,
439 1673 571 1737 bonores
594 1674 723 1755 contuli,
751 1675 874 1740 salutem
898 1673 1032 1738 donavi?
1076 1671 1136 1736 (iur
1156 1691 1205 1736 me
1225 1691 1285 1738 ne-

193 1786 302 1870 gabas;
326 1803 379 1848 cur
401 1785 585 1864 aestimabas,
608 1783 688 1866 quod
707 1784 743 1848 ad
762 1786 915 1850 scientiam
929 1805 1034 1868 rncam,
1058 1805 1134 1868 quac
1148 1803 1285 1870 gereres,

192 1918 254 1963 non
283 1898 492 1982 pervenirent3
522 1915 576 1960 cur
605 1897 727 1962 tenebas
758 1888 841 1962 dona
864 1917 948 1980 mea,
980 1899 1164 1982 despiciebas
1195 1919 1284 1963 man-

195 2013 261 2078 data
282 2013 373 2076 mea?

280 2124 331 2194 64.
376 2127 512 2209 Denique
535 2127 573 2190 de
594 2125 665 2192 luda
688 2127 841 2210 proditore
862 2130 938 2192 baec
961 2125 1105 2208 colligere
1127 2123 1211 2204 licet,
1236 2124 1286 2206 qui

194 2248 225 2304 et
246 2241 399 2322 apostolus
420 2240 498 2302 inter
520 2237 677 2304 duodecim
700 2241 812 2304 clectus
835 2247 881 2304 est
903 2247 932 2304 ct
953 2238 1069 2303 loculos
1083 2238 1285 2319 pecuniarum,

194 2373 267 2437 quas
295 2355 476 2437 pauperibus
507 2362 665 2438 erogaret,
694 2357 868 2420 commissos
898 2354 1042 2432 habebat,
1071 2369 1110 2414 ne
1132 2350 1286 2415 videretur

195 2474 243 2534 aut
271 2468 355 2550 quasi
382 2467 564 2548 inhonorus,
595 2474 646 2532 aut
674 2469 759 2550 quasi
788 2485 903 2552 egenus
930 2465 1080 2530 dominum
1107 2463 1286 2544 prodidisse.

194 2583 231 2645 Et
253 2581 321 2645 ideo
344 2588 376 2644 ut
398 2581 606 2646 iustificaretur
628 2583 658 2646 in
681 2603 718 2647 eo
743 2585 896 2662 dominus,
926 2581 1000 2645 baec
1028 2579 1056 2641 ei
1083 2577 1224 2656 contulit,
1254 2585 1287 2642 ut

195 2712 257 2760 non
279 2695 362 2776 quasi
383 2695 489 2760 iniuria
512 2702 716 2778 exasperatus,
739 2695 793 2760 sed
817 2694 901 2776 quasi
922 2691 1142 2774 praevaricatus
1159 2690 1285 2772 gratiam

196 2810 300 2878 maiori
323 2815 403 2876 essct
426 2809 560 2874 offensae
583 2811 740 2876 obnoxius.

584 3077 754 3146 CAPUT
789 3070 898 3141 XVII.

224 3245 401 3302 Adulescentis
420 3245 503 3299 officia
521 3253 548 3299 et
564 3247 680 3316 exempla
700 3243 783 3297 eidem
801 3237 878 3291 aetati
898 3232 1063 3287 adcommoda
1081 3236 1263 3300 proponuntur.

283 3389 334 3458 65.
376 3393 521 3470 Quoniam
542 3392 634 3474 igitur
657 3398 687 3453 et
708 3403 837 3471 poenam
859 3376 1028 3463 inprobitati
1050 3381 1079 3438 et
1101 3373 1201 3436 virtuti
1223 3371 1290 3435 fore

197 3509 359 3595 praemium
381 3508 453 3572 satis
475 3509 596 3587 claruit,
629 3507 666 3570 de
695 3505 801 3569 officiis
831 3497 1041 3582 adgrediamur
1062 3492 1182 3569 dicere,
1214 3508 1291 3570 quae

197 3626 284 3691 nobis
307 3626 345 3688 ab
367 3623 567 3688 adulescentia
590 3619 752 3703 spectanda
774 3624 861 3696 sunt,
894 3618 925 3677 ut
955 3629 1021 3673 curn
1045 3612 1140 3670 aetate
1164 3601 1290 3667 adores-

199 3747 267 3804 cant
297 3739 391 3804 simul
435 3737 488 3802 Est
517 3736 609 3818 igitur
640 3734 785 3797 bonorum
816 3725 1048 3794 adulescentium
1078 3719 1212 3781 timorem
1243 3717 1292 3781 dei

199 3855 320 3936 habere,
344 3851 463 3918 deferre
486 3849 667 3932 parentibus,
689 3847 835 3909 bonorem
858 3842 969 3904 habere
992 3831 1175 3910 senioribus,
1199 3832 1291 3894 casti-

201 3976 290 4034 tatem
311 3969 398 4049 tucri,
422 3983 483 4034 nou
506 3962 659 4049 aspernari
680 3959 879 4034 humilitatem,
903 3952 1028 4033 diligere
1051 3943 1234 4012 clementiam
1256 3963 1292 4012 ao

272 4209 301 4282 ι)
319 4208 398 4266 strae.
415 4209 442 4276 a,
460 4208 484 4268 a
553 4206 583 4278 a)
600 4203 692 4261 raam.
711 4203 755 4276 aa,
773 4204 798 4262 a.
