2966 4708
233 354 297 420 218
679 351 703 405 s.
723 351 878 406 nnenosn

235 513 313 576 dium
336 514 440 576 mortls
463 514 519 576 erit
542 520 592 576 aut
613 515 714 578 salutis
736 513 907 578 remedium.
952 513 1153 578 Perrexerunt
1176 513 1274 595 itaque
1296 519 1327 576 et

232 627 415 690 intraverunt
438 634 548 690 castra:
572 636 602 692 et
625 647 697 692 ecee
720 629 817 692 omnia
839 628 917 692 nuda
941 628 1077 692 hostium.
1123 629 1254 712 lngressi
1277 635 1326 691 ta-

231 739 390 802 bernacula
413 740 536 820 primum
559 742 686 822 repertis
710 740 855 802 alimentis
878 739 1058 822 fugaverunt
1078 741 1194 822 lamam,
1217 741 1326 805 deinde

232 854 296 918 auri
318 858 348 914 et
369 855 485 937 argenti
508 860 647 934 quantum
670 860 847 935 potuerunt,
883 853 1076 936 diripuerunt.
1120 855 1245 919 Etcum
1268 855 1326 918 soli

231 969 360 1052 praedae
382 969 595 1047 incumberent,
619 968 831 1050 disposuerunt
853 973 950 1030 tamen
975 969 1110 1031 nuntiare
1126 970 1192 1052 regi
1211 967 1327 1050 fugisse

232 1083 343 1166 Syros,
368 1084 435 1164 quia
456 1082 485 1144 id
505 1082 661 1144 honestum
685 1083 919 1160 arbitrabantur,
943 1099 1030 1162 quam
1053 1099 1194 1164 represso
1217 1081 1327 1146 indicio

232 1194 338 1258 fovere
360 1192 472 1256 fraudis
495 1195 636 1275 rapinam.

322 1303 392 1372 123.
437 1307 504 1382 Ono
527 1306 635 1369 indicio
658 1323 802 1389 egressus
826 1310 872 1367 est
893 1304 1021 1387 populus
1038 1311 1068 1369 et
1089 1305 1206 1388 diripuit
1229 1312 1328 1370 metra

233 1423 338 1506 Syriae
361 1429 391 1484 et
412 1428 593 1484 commeatus
617 1421 744 1483 hostiurn
766 1419 972 1483 abundantiam
996 1419 1083 1500 lenit,
1115 1439 1253 1484 annonae
1276 1421 1326 1482 vi-

231 1539 341 1600 litatem
374 1535 519 1613 reddidit,
553 1541 585 1597 ut
610 1533 773 1596 secundum
805 1532 1011 1615 propheticum
1046 1532 1154 1596 dietum
1186 1550 1327 1596 mensura

233 1649 404 1731 similaginis
427 1648 500 1710 siolo
524 1654 554 1709 et
577 1645 653 1708 duae
674 1664 833 1709 mensurae
860 1646 965 1710 hordei
987 1648 1052 1730 pari
1078 1647 1175 1730 pretio
1204 1653 1328 1710 consta-

232 1769 308 1826 rent
351 1763 383 1824 ln
405 1762 461 1824 hae
482 1761 590 1824 laetitia
613 1761 708 1842 plebis
740 1762 859 1823 nuntius
882 1761 948 1841 ille,
981 1762 1011 1823 in
1034 1779 1093 1843 qno
1116 1761 1327 1843 requiescebat

233 1897 306 1957 rex,
338 1877 512 1939 constitutus
543 1877 571 1936 in
602 1882 706 1957 porta,
737 1875 814 1937 inter
845 1876 1014 1938 exeuntium
1043 1873 1262 1939 festinationem
1297 1881 1326 1938 et

233 1993 426 2056 remeantium
459 1991 687 2054 exsultationem
718 1990 911 2052 conculcatus
934 2008 950 2052 a
974 1991 1076 2072 plebe,
1105 1995 1238 2054 mortuus
1270 1994 1325 2052 est.

633 2223 802 2292 CAPUT
835 2223 928 2292 XXI.

233 2371 342 2426 Hesther
362 2376 431 2426 vitae
457 2375 572 2443 periculo
596 2375 736 2427 honestatis
761 2373 845 2428 decus·
865 2381 978 2427 secutam
1002 2387 1073 2439 erae,
1101 2373 1178 2424 immo
1197 2380 1223 2424 et
1240 2388 1329 2442 regem

233 2462 367 2514 barbarum
391 2462 468 2515 inlata
486 2479 551 2515 nece
569 2465 624 2515 viro
644 2463 809 2526 amicissim03
837 2463 968 2514 amicitiam
989 2461 1055 2512 enim
1078 2458 1205 2513 honestati
1228 2477 1330 2529 temper

312 2551 530 2619 coniungendam,
549 2560 576 2603 ut
594 2551 715 2603 Ionathae
734 2559 811 2619 atque
830 2549 977 2602 Ahimelerh
998 2549 1112 2617 exempla
1131 2549 1248 2617 probant.

327 2683 396 2749 124.
442 2685 519 2760 Quid
542 2686 669 2749 Hesther
697 2687 820 2768 regina,
840 2681 868 2765 ι)
900 2703 1002 2748 nonne
1023 2691 1055 2748 ut
1076 2684 1215 2768 populum
1244 2701 1329 2746 snum

236 2799 369 2883 periculo
393 2807 537 2880 exueret,
571 2800 650 2882 quod
674 2807 738 2863 erat
761 2799 901 2863 decorum
925 2808 1014 2882 alque
1036 2800 1210 2878 honestum,
1241 2800 1328 2862 morti

236 2931 271 2977 se
294 2915 414 2995 optulit,
438 2933 495 2978 neo
518 2915 625 2977 inmitis
648 2915 730 2997 regis
753 2915 910 2997 trepidavit
932 2913 1090 2978 furorem?
1126 2913 1193 2996 lpse
1208 2931 1329 2995 quoque

234 3047 291 3091 rex
313 3029 469 3091 Persarum
485 3025 518 3113 ²]
553 3026 641 3089 ferox
664 3034 754 3109 atque
780 3028 891 3092 tumido
916 3026 1025 3104 corde,
1056 3033 1154 3090 tamen
1186 3027 1327 3090 decorum

235 3143 376 3206 iudicavit
399 3143 487 3206 indici
510 3142 696 3222 insidiarum,
728 3162 804 3225 quae
827 3145 883 3206 sibi
904 3149 1026 3225 paratae
1056 3142 1174 3220 lorent,
1204 3142 1328 3224 gratiam

234 3263 461 3340 repraesentare
483 3259 683 3340 populumque
704 3260 829 3322 liberum
853 3277 869 3321 a
893 3259 1037 3320 servitute
1060 3258 1194 3338 eripere,
1218 3273 1327 3319 eruere

234 3372 318 3450 neci,
349 3389 405 3432 nec
428 3389 553 3453 parcere
577 3373 621 3452 ei,
652 3372 702 3453 qui
729 3378 788 3434 tam
820 3371 961 3434 indecora
993 3372 1145 3434 suasisset.
1191 3371 1327 3452 Denique

235 3504 323 3566 quem
350 3484 551 3548 secunduma
574 3501 608 3546 se
631 3502 666 3547 ao
688 3485 880 3565 praecipuum
903 3483 980 3564 inter
1003 3501 1107 3546 omnes
1135 3483 1247 3546 amieos
1269 3482 1327 3544 ha-

234 3600 336 3677 beret,
366 3601 447 3662 cruci
477 3598 606 3676 tradidit,
624 3594 656 3680 ³)
687 3596 767 3678 quod
802 3595 1026 3660 dehonestatum
1049 3615 1083 3660 se
1106 3598 1171 3660 eius
1200 3595 1326 3660 iraudu-

234 3712 321 3775 lentis
343 3712 473 3775 consiliis
497 3711 762 3774 animadvertisset.

324 3824 394 3892 125.
438 3825 481 3888 Ea
497 3828 574 3889 enim
589 3827 715 3889 amicitia
730 3825 902 3908 probabilia,
926 3843 1003 3908 quae
1017 3826 1203 3890 honestatem
1218 3833 1327 3908 tuetur,

235 3940 433 4025 praeferenda
455 3958 527 4003 sane
557 3940 680 4022 opibus,
714 3940 897 4021 honoribus,
932 3942 1128 4022 potestatibus
1135 3962 1145 4018 3
1179 3941 1327 4004 honestati

236 4093 443 4104 -n--a-——n-——na—

306 4182 335 4252 1)
352 4181 439 4236 fleath.
458 4182 484 4248 d,
504 4180 543 4236 16.
613 4182 642 4250 2)
660 4181 723 4238 lbid.
743 4182 768 4252 6,
787 4183 803 4238 3
821 4200 875 4254 aeq.
946 4182 973 4250 3)
992 4180 1055 4236 lbid.
1074 4183 1099 4250 7,
1118 4180 1134 4233 9
1152 4197 1206 4252 seq.
