2976 4706
244 355 309 423 104
691 350 717 406 s.
736 347 892 408 morosa

241 514 403 599 displicuit,
436 514 546 597 pater't
586 513 662 578 Nom
688 513 873 598 degenerem
896 511 1053 595 probasti?
1089 510 1237 595 Experire
1257 519 1340 578 certe

242 638 340 695 utrum
360 627 500 692 idoneum
523 628 688 693 ministrum
720 629 860 712 elegeris.
907 627 962 691 Oui
994 627 1166 692 commisisti
1201 625 1340 692 dominici

243 743 396 828 sanguinis
432 744 707 825 consecrationem,
741 744 789 806 cui
823 741 1123 806 consummandorum
1157 739 1340 806 consortium

241 864 510 939 sacramentorum,
545 857 613 921 huic
643 858 796 942 sanguinis
820 858 862 921 tui
884 858 1068 922 consortium
1098 857 1220 942 negas?
1264 855 1339 920 Vide

241 993 279 1038 ne
301 973 485 1056 periclitetur
515 971 653 1036 iudicium
684 979 782 1053 tuum,
814 971 883 1035 dum
912 969 1057 1036 fortitudo
1084 969 1228 1036 laudatur.
1271 969 1340 1034 Ab·

240 1087 328 1152 iectio
352 1086 489 1169 discipuli
512 1087 718 1153 detrimentum
742 1094 788 1151 est
810 1087 953 1171 magistri.
997 1085 1075 1161 Ouid
1097 1084 1177 1167 quod
1198 1084 1339 1174 inlustres

155 1237 158 1242 <
241 1209 271 1266 et
293 1207 479 1285 praestantes
501 1203 559 1266 viri
582 1201 794 1285 discipulorum
817 1201 1043 1280 certaminibus,
1073 1219 1161 1283 ᾳιιιιιιι
1183 1198 1246 1262 suis
1268 1198 1339 1262 vin-

241 1317 333 1379 cunt?
377 1316 513 1398 Denique
541 1317 670 1381 Abraam
700 1315 789 1379 lilium
820 1316 943 1400 optulit,
963 1312 992 1401 ¹)
1024 1316 1128 1380 Petrus
1160 1314 1339 1398 Stephanum

241 1427 399 1510 praemisit.
416 1422 449 1513 ²)
492 1426 531 1491 lit
563 1434 612 1508 tu,
643 1434 744 1510 pater,
777 1427 903 1490 ostende
932 1427 962 1490 in
984 1425 1045 1491 lilio
1075 1429 1213 1493 virtutem
1239 1434 1337 1504 tuam3

242 1540 320 1606 oller
334 1560 422 1623 quam
445 1541 578 1622 erudisti,
600 1548 633 1605 ut
655 1559 781 1605 securus
804 1540 903 1606 indicii
925 1541 968 1605 tui
989 1543 1130 1608 comitatu
1151 1543 1242 1608 nobili
1263 1561 1338 1625 per-

241 1657 345 1719 venias
368 1656 405 1719 ad
432 1674 583 1720 coronam.
1249 1697 1251 1704 ι

330 1768 402 1837 206.
448 1771 532 1834 'lunc
554 1769 667 1854 Xystus
691 1771 746 1834 ait:
777 1770 845 1834 Non
869 1787 929 1854 ego
951 1775 1000 1849 te,
1022 1769 1080 1850 dli,
1104 1767 1280 1852 derelinquo
1303 1788 1340 1837 ac

242 1885 369 1963 deser03
392 1883 447 1948 sed
470 1885 582 1949 maiora
602 1886 653 1949 tibi
676 1885 823 1949 debentur
846 1885 1015 1948 certamina.
1059 1885 1123 1948 Nos
1145 1885 1231 1965 quasi
1248 1902 1339 1952 senes

242 1999 364 2064 levioris
394 2017 515 2084 pugnae
545 2017 664 2063 cursum
695 2000 874 2082 recipimus,
906 2005 936 2062 tc
964 2000 1048 2082 quasi
1080 2000 1218 2064 iuvenem
1241 2007 1340 2066 manet

242 2112 404 2195 gloriosior
426 2111 464 2176 dc
487 2118 614 2195 tyranno
637 2111 808 2194 triumphus.
852 2111 925 2176 llox
955 2113 1077 2192 venies,
1109 2112 1183 2178 llere
1216 2112 1338 2196 desiste,

241 2232 309 2309 post
332 2224 459 2289 triduum
481 2245 528 2290 me
552 2228 699 2308 sequeris.
745 2224 939 2297 Sacerdotem
962 2234 993 2291 et
1014 2226 1133 2290 levitam
1154 2226 1202 2290 iric
1224 2226 1339 2293 medius

242 2357 383 2406 numerus
418 2340 514 2405 decet.
557 2342 626 2406 Non
652 2347 716 2405 erat
737 2346 819 2405 tuum
841 2341 896 2404 sub
919 2342 1062 2426 magistro
1085 2340 1226 2422 vincere,
1253 2344 1340 2424 qnasi
1434 2352 1436 2357 ·
1478 2349 1479 2354 ¹

243 2454 408 2519 adiutorem
424 2472 595 2536 quaereres.
642 2454 718 2530 Ouid
737 2456 919 2520 consortium
934 2457 1083 2538 passionis
1098 2473 1182 2520 meae
1198 2456 1338 2538 expetis?

243 2569 348 2631 Totam
369 2568 421 2631 tibi
446 2566 640 2630 hereditatem
665 2569 730 2631 eius
754 2566 876 2632 dimitto.
922 2568 999 2643 Ouid
1021 2571 1220 2651 praesentiam
1242 2587 1337 2634 meam

242 2680 398 2761 requiris?
442 2679 550 2742 infirmi
574 2678 708 2760 discipuli
730 2680 902 2763 magistrum
932 2681 1130 2763 praecedant,
1164 2682 1258 2747 fortes
1280 2701 1336 2748 se-

243 2800 385 2876 quantur,
407 2802 440 2857 ut
463 2796 580 2856 vincant
603 2795 667 2858 sine
690 2794 851 2878 magistro,
879 2797 928 2876 qni
951 2797 1009 2859 iam
1031 2815 1094 2861 non
1115 2797 1249 2883 indigent
1271 2819 1338 2864 ma·

243 2911 377 2992 gisterio.
423 2909 472 2975 Sic
495 2914 524 2972 et
547 2907 648 2972 Helias
671 2909 841 2973 Helisaeum
870 2910 999 2992 reliquit.
1044 2911 1109 2974 Tibi
1132 2931 1208 2996 crgo
1231 2913 1338 2980 mando

242 3030 365 3086 nostrae
387 3023 502 3088 virtutis
529 3025 763 3088 successionem.

330 3137 402 3204 207.
447 3139 528 3204 Talis
549 3146 613 3203 erat
635 3141 801 3220 contentio,
835 3139 926 3223 digna
948 3158 1022 3204 sanc
1045 3141 1083 3206 de
1106 3160 1166 3225 quo
1189 3151 1339 3210 certarent

243 3252 385 3317 sacerdos
408 3261 439 3316 et
460 3254 610 3334 minister,
634 3256 699 3336 quis
722 3256 806 3337 prior
827 3263 980 3338 pateretur
1001 3275 1057 3340 pro
1077 3256 1185 3323 Christi
1206 3261 1336 3326 nomine.

191 3387 196 3463 ι
242 3368 274 3431 ln
290 3366 396 3432 fabulis
413 3366 513 3431 ferunt
534 3370 655 3451 tragicis
677 3371 823 3434 excitatos
845 3371 951 3434 theatri
972 3389 1097 3456 magnos
1119 3389 1188 3437 essa
1205 3373 1338 3457 plausus,

195 3483 199 3547 ’,
243 3501 309 3546 cum
332 3500 367 3546 se
388 3481 513 3566 Pylades
536 3483 672 3548 Orestem
696 3482 826 3564 diceret,
859 3484 1003 3567 Orestes,
1033 3493 1067 3549 ut
1089 3492 1169 3568 erat,
1199 3487 1336 3553 Orestem

243 3615 277 3660 sc
300 3614 369 3660 esse
391 3595 598 3661 adseveraret:
632 3599 700 3679 illc,
731 3604 764 3661 ut
785 3617 840 3680 pro
865 3599 973 3664 Oreste
995 3608 1170 3683 necmeurr,
1202 3602 1336 3685 Orestes,

243 3730 282 3774 ne
311 3710 450 3795 Pyladem
480 3731 536 3794 pro
566 3729 601 3776 se
632 3720 785 3796 pateretur
813 3715 923 3779 necari.
968 3715 1028 3781 Sed
1055 3715 1111 3780 illis
1139 3735 1201 3782 non
1229 3717 1337 3783 licebat

243 3827 362 3908 uivere,
386 3828 467 3910 quod
488 3836 615 3912 uterque
639 3836 720 3894 esset
740 3830 891 3913 parricidii
912 3848 1000 3895 reus:
1023 3831 1112 3912 alter,
1134 3832 1185 3914 qui
1204 3831 1335 3915 iecisset,

244 3941 335 4021 alter,
366 3943 417 4023 qui
437 3941 610 4008 adiuvisset.
654 3943 708 4010 llic
729 3945 920 4012 Laurentium
942 3951 1075 4013 sanctum
1097 3945 1135 4011 ad
1156 3944 1217 4011 hoc
1235 3947 1335 4014 nullus

245 4095 451 4123 ...q-3..-

315 4181 342 4252 ι)
361 4181 423 4239 can.
440 4185 483 4254 aa,
502 4185 527 4240 s.
597 4188 629 4258 a)
645 4179 702 4242 neu
724 4189 750 4258 u,
772 4189 814 4244 sn.
887 4151 913 4244 ⁴.
