2932 4700
236 355 279 421 82
684 352 710 407 s.
729 350 886 406 amanen

238 512 288 594 qui
319 512 473 594 conspiret
503 512 649 578 adversus
678 513 820 595 patriam,
853 514 902 596 qui
935 531 1124 599 congregare
1154 513 1252 598 cupiat
1282 519 1334 578 tuo

237 634 356 710 sumptu
386 628 540 710 perditos,
576 630 626 710 qui
657 629 824 713 inpagnent
860 627 1026 695 ecclesium.
1079 627 1148 692 Non
1182 634 1230 692 est
1259 625 1335 690 baec

235 740 397 821 probabilis
429 741 604 820 liberalitas,
638 743 664 804 si
687 740 811 804 adiuves
843 759 929 821 eum,
963 741 1014 822 qui
1041 739 1187 806 adversus
1214 738 1334 804 viduam

236 859 266 914 et
287 853 415 934 pupillos
438 855 524 938 gravi
556 853 690 918 decernit
722 854 837 937 iurgio,
874 859 924 918 aut
945 855 976 918 vi
999 854 1095 938 aliqua
1122 853 1334 938 possessiones

236 982 341 1028 eornm
365 967 484 1047 eripere
506 973 639 1030 conatur.

323 1075 394 1142 145.
438 1080 506 1144 Νοιι
528 1082 671 1163 probatur
693 1073 826 1164 largitas,
849 1080 875 1143 si
895 1080 975 1162 qnod
995 1081 1081 1144 alteri
1102 1081 1228 1166 largitur
1247 1081 1334 1146 alteri

236 1193 302 1274 quis
336 1197 514 1272 extorqueat
520 1216 529 1271 ;
560 1196 594 1257 si
626 1195 736 1258 iniuste
771 1201 894 1276 quaerat
928 1202 958 1258 et
991 1196 1069 1260 iuste
1102 1195 1334 1280 dispensandum

235 1310 332 1388 putet,
370 1306 427 1367 nisi
452 1306 548 1387 lorte,
579 1315 611 1371 ut
645 1309 694 1372 ille
719 1309 906 1388 Zacchaeus,
936 1305 964 1393 ¹)
997 1308 1106 1373 reddas
1141 1310 1224 1392 prius
1256 1327 1334 1392 qua-

237 1416 372 1498 druplum
396 1419 443 1497 ei,
478 1436 565 1499 quem
592 1417 780 1481 fraudaveris
804 1425 835 1480 et
857 1419 1029 1502 gentilitatis
1052 1421 1122 1483 vilia
1143 1419 1214 1484 fidei
1235 1419 1333 1484 studio

236 1537 266 1592 et
297 1531 448 1593 credentis
480 1532 655 1612 operatione
686 1549 864 1612 conpenses.
910 1531 1142 1598 Fundamentum
1162 1534 1255 1618 igilur
1275 1531 1334 1598 ha·

235 1642 305 1706 beat
326 1642 485 1706 liberalitas
510 1649 568 1706 tue.

324 1754 395 1820 146.
449 1757 513 1820 Hoc
551 1758 677 1838 primum
709 1758 879 1838 quaeritur,
920 1763 953 1820 ut
986 1776 1053 1820 cnm
1087 1757 1146 1821 lide
1183 1758 1333 1840 conferas,

238 1869 372 1933 fraudem
402 1888 463 1933 non
498 1869 589 1931 iacias
624 1867 746 1944 oblatis;
778 1885 817 1930 ne
851 1868 933 1932 dicas
968 1874 998 1930 te
1030 1869 1097 1952 plus
1128 1869 1270 1936 conferre
1304 1879 1334 1935 et

233 1983 330 2046 minus
360 1982 509 2046 conferas.
557 1981 634 2055 Quid
666 1982 742 2043 enim
774 1999 850 2063 opus
884 1988 930 2044 est
960 1981 1088 2046 dicere?
1131 1983 1226 2048 Fraus
1256 1993 1333 2068 pro·

233 2096 316 2158 missi
340 2103 386 2158 est
392 2117 401 2174 ;
423 2095 454 2157 io
475 2102 524 2158 tue
548 2099 696 2175 potestate
716 2099 762 2156 est
783 2093 886 2177 largiri
909 2094 990 2174 quod
1013 2095 1097 2157 velis.
1142 2096 1236 2162 Fraus
1259 2097 1333 2161 inn-

234 2208 401 2273 damentum
432 2208 522 2273 solvit
546 2215 674 2288 etopus
698 2207 820 2270 corruit.
864 2205 1014 2288 Numquid
1036 2208 1142 2274 Petrus
1159 2207 1192 2296 ²)
1220 2212 1260 2275 ita
1282 2213 1333 2274 in-

234 2321 406 2404 dignatione
429 2323 582 2401 efferbuit,
618 2328 650 2385 nt
672 2321 817 2385 Ananiam
848 2321 998 2406 exstingui
1022 2322 1113 2388 vellet
1134 2325 1185 2386 vel
1207 2343 1333 2390 uxorem

233 2435 322 2497 eius?
367 2435 427 2501 Sed
450 2436 588 2517 exemplo
612 2453 716 2498 eorum
739 2435 833 2498 noluit
855 2437 955 2516 perire
978 2441 1108 2500 ceteros.

324 2545 393 2612 147.
437 2549 502 2612 Nec
524 2551 571 2612 illa
593 2549 726 2630 perlecta
749 2555 796 2612 est
819 2549 998 2628 liberalitas,
1022 2550 1049 2612 si
1063 2551 1218 2614 iactantiae
1241 2569 1332 2615 cansa

233 2661 348 2744 magis,
386 2679 472 2742 qnam
505 2661 730 2725 misericordiae
763 2662 909 2745 largiaris.
955 2660 1092 2729 Affectus
1125 2669 1192 2728 tuns
1222 2681 1332 2728 nomen

234 2775 350 2855 inponit
372 2776 458 2857 operi
482 2782 549 2852 tuo;
581 2774 731 2856 quomodo
755 2794 772 2838 a
795 2781 824 2837 te
846 2774 1062 2856 proficiscitur,
1086 2776 1130 2839 sic
1151 2779 1331 2843 aestimatur.

232 2885 323 2950 Vides
346 2907 433 2970 quam
457 2886 600 2950 moralem
624 2886 751 2950 iudicem
774 2885 894 2948 babeas.
941 2887 985 2949 'le
1008 2887 1154 2968 consulit,
1179 2887 1331 2969 quomodo

233 3017 309 3082 opus
331 3007 412 3065 tuum
435 3002 577 3083 suscipiat
584 3023 593 3079 3
616 3009 745 3065 mentem
768 3008 846 3063 taam
864 3002 946 3081 prius
970 3001 1146 3084 interrogat.
1192 3002 1331 3080 Nesciat,

232 3115 342 3195 inquit,
360 3112 388 3194 ³)
410 3115 544 3179 sinistro
566 3124 620 3179 tao
642 3117 719 3207 qaid
739 3113 842 3191 sociat
863 3116 977 3178 desire
1000 3122 1062 3178 tac.
1107 3115 1175 3180 Non
1197 3115 1235 3180 de
1258 3135 1332 3182 eor-

230 3244 307 3307 pore
338 3227 487 3309 loquitur,
519 3227 684 3291 sedetiam
714 3228 870 3290 unanimus
900 3232 986 3306 tuus,
1018 3225 1111 3292 frater
1132 3235 1219 3310 tuus,
1251 3229 1332 3311 qnod

230 3339 324 3422 facis,
348 3342 480 3422 nesciat,
502 3360 557 3423 ne,
581 3340 649 3404 dnm
672 3342 721 3404 bic
739 3339 910 3402 mercedem
932 3341 1052 3421 qnaeris
1075 3343 1247 3424 iactantiae,
1271 3343 1332 3407 illic

229 3458 479 3522 remunerationis
511 3457 640 3520 fructum
671 3457 795 3518 amittas.
839 3453 975 3518 Perfecta
1008 3461 1106 3520 autem
1139 3462 1186 3520 est
1214 3455 1329 3520 libera-

229 3569 312 3650 litas,
344 3571 396 3634 ubi
418 3570 539 3634 silentio
561 3569 626 3651 quis
649 3569 723 3652 tegit
749 3584 824 3650 opus
847 3585 934 3632 suum
957 3575 988 3632 et
1010 3568 1240 3636 necessitatibus
1263 3571 1332 3634 sin·

229 3684 368 3766 potorum
398 3684 517 3747 occulte
548 3682 684 3746 subvenit
691 3701 701 3758 ;
733 3698 822 3762 quem
851 3681 951 3746 laudat
983 3699 1018 3746 os
1048 3683 1189 3764 pauperis
1214 3685 1245 3746 el
1269 3699 1332 3749 nou

229 3795 306 3860 labia
328 3814 391 3860 sna.

322 3904 392 3971 148.
438 3907 553 3969 Deinde
575 3907 709 3987 perfecta
731 3905 891 3969 liberalitas
914 3906 990 3987 lide,
1014 3924 1120 3988 cansa,
1142 3908 1228 3990 loco,
1250 3913 1332 3972 tem-

238 4059 246 4064 .
252 4057 442 4066 κ-υ--ς--ι--ιι-

302 4144 330 4210 1)
348 4143 409 4198 nuc.
430 4145 473 4212 19,
491 4145 515 4198 e.
588 4147 619 4214 a)
637 4145 695 4200 aet.
715 4147 741 4214 s,
763 4145 776 4198 1
796 4161 867 4215 seqq.
940 4145 968 4213 s)
987 4145 1074 4199 maan.
1092 4145 1119 4214 s,
1140 4145 1164 4200 s.
