2976 4706
241 387 304 454 100
686 382 713 436 s.
730 381 886 438 amnosu

241 547 333 610 virtus
348 545 405 610 sibi
419 552 546 627 constat,
568 552 600 610 ut
615 544 730 610 fortiter
755 547 852 612 omnia
875 551 1072 630 persequatur
1093 545 1163 611 vitia
1184 552 1330 630 tamquam

239 661 355 726 virtutis
377 679 508 740 venena3
539 659 719 725 iracundiam
743 660 825 725 velut
848 662 1022 743 quibusdam
1050 661 1203 743 propulset
1232 663 1331 743 armis,

237 795 313 858 quae
335 776 418 842 tollat
443 775 597 840 consilium
620 781 650 838 et
671 781 816 857 tamquam
847 775 1062 860 aegritudinem
1087 775 1168 839 vitet
1212 773 1330 840 Gloriae

236 910 355 975 quoque
378 896 482 954 caveat
503 891 711 973 appetentiam,
735 909 812 972 quae
835 889 1011 973 frequenter
1032 892 1134 956 nocuit
1155 889 1328 958 inmodera-

236 1007 294 1070 tius
317 1004 466 1087 expetita,
488 1020 608 1084 semper
631 1010 730 1067 autem
752 1008 898 1086 usurpata.

323 1116 394 1184 195.
439 1117 517 1192 Quid
538 1117 644 1181 horum
674 1124 777 1183 sancto
801 1117 853 1182 lob
876 1117 924 1181 vel
947 1119 977 1181 in
1000 1119 1108 1184 virtute
1138 1118 1250 1201 deluit,
1279 1121 1328 1184 vel

234 1236 264 1301 in
294 1234 366 1297 vitio
398 1232 556 1315 obrepsit?
600 1231 759 1306 Quomodo
789 1232 921 1296 laborem
952 1232 1163 1316 aegritudinis,
1195 1232 1327 1318 trigoris,

234 1349 319 1412 tamis
341 1345 486 1431 pertulit?
531 1345 688 1420 Quomodo
711 1347 850 1430 despexit
872 1348 975 1411 salutis
998 1347 1186 1430 periodum?
1231 1347 1327 1412 Num-

233 1462 303 1546 quid
336 1461 446 1545 rapinis
481 1460 598 1524 divitiae
628 1469 840 1542 coacervatae,
876 1462 1043 1544 dequibus
1078 1468 1159 1526 tanta
1188 1432 1326 1544 inopitlus

232 1575 424 1641 adfluebant?
467 1575 613 1657 Numquid
646 1577 797 1642 avaritiam
819 1594 946 1656 census,
978 1582 1028 1641 aut
1050 1576 1208 1660 voluptatis
1230 1576 1326 1642 studia

232 1690 465 1776 cupiditatesque
478 1659 651 1755 excitavit?
696 1690 843 1790 Numquid
860 1691 946 1754 trium
962 1709 1068 1776 regum
1090 1691 1233 1755 iniuriosa
1247 1708 1325 1755 oon-

231 1807 324 1871 tentio
354 1806 404 1869 vel
431 1822 588 1869 servorum
618 1803 796 1865 contumelia
818 1803 848 1866 iu
870 1793 942 1866 iram
975 1803 1135 1868 excussit?
1177 1805 1325 1890 Numquid
1370 1812 1375 1828 ‘

230 1921 326 2006 gloria
348 1921 424 1985 sicut
445 1919 542 1983 levem
561 1916 673 1996 extulit,
697 1916 746 1998 qui
770 1917 976 1999 imprecabatur
998 1919 1102 2002 gravia
1124 1919 1189 2000 sibi,
1213 1921 1239 1984 si
1254 1939 1323 1984 um-

231 2056 318 2121 quam
332 2036 381 2099 vel
395 2053 457 2098 non
477 2031 671 2096 voluntariam
688 2030 846 2094 celavisset
865 2031 990 2114 culpam,
1012 2033 1062 2097 vel
1076 2034 1225 2098 reveritus
1244 2039 1325 2098 esset

230 2150 444 2215 multitudinem
474 2145 588 2230 plebis,
618 2145 776 2226 quominus
807 2143 994 2208 adnuntiaret
1017 2164 1082 2210 eam
1105 2148 1136 2210 in
1158 2156 1323 2231 conspectu

231 2263 384 2331 omnium?
427 2262 533 2343 Neque
556 2262 634 2324 enim
660 2265 880 2324 consentaneae
902 2267 970 2324 sunt
993 2261 1070 2328 vitiis
1096 2263 1239 2345 virtutes,
1269 2261 1323 2328 sed
1408 2323 1410 2330 ,

230 2380 288 2444 sibi
310 2384 454 2442 constant
499 2377 571 2451 Quis
594 2377 683 2459 igitur
706 2381 763 2438 tam
786 2375 890 2454 tortis,
925 2395 1011 2457 quam
1034 2383 1154 2441 sanctus
1176 2377 1245 2458 lob,
1275 2377 1322 2443 cui

230 2491 380 2558 secundus
403 2488 564 2555 adiudicari
587 2495 705 2571 potest,
728 2490 778 2570 qui
801 2506 903 2570 parem
925 2491 977 2554 vir
1000 2490 1136 2574 reperit?

630 2756 809 2826 CAPUT
845 2755 918 2824 XL.

230 2925 355 2980 Virtutem
372 2925 491 2979 bellicam
504 2926 596 2978 nostris
609 2925 685 2976 etiam
698 2940 750 2977 nou
763 2923 873 2977 detuim
891 2931 1007 2978 veterum
1026 2925 1147 2993 exemplis
1162 2926 1321 2998 maximeque

488 3010 621 3081 praeclaro
638 3010 754 3065 Eleazari
773 3012 842 3064 lacto
861 3011 1053 3066 demonstratur.

318 3170 388 3240 196.
432 3173 492 3239 Sed
521 3172 651 3238 fortasse
680 3174 797 3257 aliquos
828 3173 934 3237 helico
965 3173 1081 3238 defixos
1110 3173 1208 3257 gloria
1229 3179 1320 3254 tenet,

230 3295 262 3355 ut
283 3295 385 3373 putent
415 3289 510 3353 solam
540 3305 609 3352 esse
639 3289 817 3371 proeliarem
845 3286 1048 3352 fortitudinem
1070 3294 1100 3352 et
1121 3287 1191 3352 ideo
1213 3306 1262 3351 me
1283 3285 1321 3350 ad

229 3404 305 3468 haec
328 3403 504 3494 deflexisse,
536 3405 604 3486 quia
626 3403 675 3467 illa
698 3404 809 3468 nostris
837 3401 962 3468 deforet.
1007 3402 1102 3477 Quam
1128 3400 1214 3466 tortis
1236 3399 1320 3465 lesus

230 3517 331 3598 Nave,
362 3523 395 3582 ut
425 3536 485 3583 uno
512 3517 629 3600 proelio
662 3518 792 3600 quinque
820 3535 912 3602 reges
941 3522 1044 3601 captos
1074 3523 1225 3582 sterneret
1254 3533 1321 3580 cum

231 3632 348 3714 populis
370 3632 458 3696 suis?
478 3629 506 3715 ¹)
549 3631 665 3695 Deinde
691 3650 757 3695 cum
791 3632 949 3696 adversum
973 3629 1151 3696 Gabaonitm
1180 3635 1321 3714 surgeret

231 3745 374 3827 proelium
391 3753 420 3809 et
435 3753 599 3826 vereretur,
621 3764 661 3809 ne
683 3765 746 3809 nox
766 3745 913 3828 inpediret
933 3745 1097 3825 victoriam,
1120 3741 1320 3829 magnitudine

231 3860 337 3924 mentis
360 3866 390 3922 et
411 3857 479 3921 fidei
501 3858 652 3922 clamavit:
676 3857 742 3920 Stet
761 3858 828 3930 σοις
850 3864 881 3919 et
901 3852 1051 3941 stetit,²)
1074 3854 1172 3920 donec
1194 3856 1320 3921 victoria

231 3977 494 4038 consummaretur.
540 3971 664 4037 Gedeon
686 3973 716 4036 in
738 3972 879 4035 trecentis
907 3971 981 4036 viris
1007 3969 1044 4034 de
1066 3969 1180 4054 ingenti
1208 3969 1319 4053 populo

305 4220 334 4290 1)
351 4219 433 4276 looue.
453 4219 495 4287 10,
514 4220 530 4272 5
548 4233 621 4290 seqq.
689 4221 718 4287 2)
736 4219 799 4276 uin
818 4235 843 4275 v.
863 4218 903 4274 12.
