2932 4700
207 362 231 429 4
720 354 797 408 m

208 519 321 584 tissime
343 516 541 597 dissidebant,
575 517 644 599 quia
667 524 697 580 et
718 516 823 580 Ariani
845 516 902 580 sibi
925 523 955 580 et
984 497 1120 582 catholici
1148 517 1204 582 sibi
1236 519 1305 599 epi-

208 651 332 716 scopum
348 633 506 715 cupiebant
521 632 668 715 superatis
691 633 837 696 alterutris
861 633 1002 714 ordinari,
1025 641 1150 715 repente
1173 634 1203 695 in
1226 633 1305 695 hunc

208 767 298 814 unum
320 747 443 812 mirabili
465 755 495 810 et
517 747 683 811 incredibili
705 748 866 812 concordia
889 755 1115 812 consenserunt.

297 863 325 926 7.
371 863 438 938 Ouo
471 864 521 926 ille
553 864 675 948 cognito
710 881 853 946 egressus
888 865 1046 927 ecclesiam
1083 862 1211 926 tribunal
1248 860 1304 924 sibi

209 981 307 1064 parari
323 978 410 1055 lecit3
434 979 544 1060 quippe
567 996 638 1041 mox
661 977 777 1042 iuturus
801 979 960 1060 episcopus
983 978 1087 1042 altiora
1110 975 1304 1050 conscendit3

186 1078 278 1158 'tunc
300 1100 404 1157 contra
427 1090 672 1156 consuetudinem
695 1108 779 1154 suam
801 1097 947 1154 tormenta
970 1091 1108 1173 personis
1131 1090 1217 1153 iussit
1246 1087 1304 1150 ad-

208 1208 311 1272 hiberi.
358 1206 444 1282 Quod
469 1224 534 1277 curn
564 1203 694 1283 taceret,
727 1205 854 1286 populus
886 1205 1075 1268 nihilominus
1105 1202 1305 1267 adclamabat:

208 1323 369 1386 Peccatum
399 1328 483 1380 taum
512 1336 608 1396 super
636 1336 705 1380 uos.
756 1316 814 1381 Sed
845 1334 905 1379 non
934 1317 1067 1380 similiter
1099 1317 1147 1379 hic
1176 1315 1305 1398 populus

208 1443 278 1500 tunc
302 1435 446 1512 clamavit,
469 1432 545 1495 sicut
568 1431 696 1513 populus
719 1430 913 1508 ludaeorum3
937 1431 977 1493 illi
1001 1431 1077 1493 enim
1100 1431 1224 1494 vocibus
1243 1428 1305 1494 suis

209 1549 384 1632 sanguinem
408 1545 585 1610 dominicum
609 1543 779 1607 effuderunt
800 1544 950 1609 dicentes:
974 1545 1112 1627 Sanguis
1128 1547 1195 1609 mur
1211 1564 1306 1625 super

209 1684 289 1736 aos;
304 1659 335 1746 ¹)
359 1663 406 1724 isti
429 1678 503 1724 vero
527 1658 769 1722 catechumenum
792 1659 922 1722 scientes
945 1659 1024 1722 fideli
1046 1679 1123 1723 voce
1147 1661 1306 1724 remissio-

210 1797 278 1842 nem
300 1777 343 1840 illi
366 1782 556 1858 peccatorum
580 1773 709 1838 omnium
732 1792 787 1855 per
814 1775 995 1856 baptismatis
1024 1776 1149 1858 gratiam
1179 1775 1306 1856 promit-

210 1893 318 1954 tebant.
365 1890 448 1953 Tunc
485 1891 533 1952 illc
572 1889 704 1951 turbatus
741 1894 898 1952 revertens
936 1888 1055 1952 domurn
1089 1888 1306 1971 philosophiam

210 2005 344 2088 profiteri
367 2005 478 2083 voluit,
511 2003 644 2080 futurus,
675 2000 730 2064 sed
761 2018 851 2064 verus
881 2000 1075 2082 philosophus
1100 2000 1224 2081 Christi,
1257 2002 1307 2082 qui

168 2171 172 2178 .
210 2119 385 2202 contemptis
420 2117 622 2181 saecularibus
656 2115 773 2197 pompis
809 2115 989 2196 piscatorum
1027 2123 1187 2180 secuturus
1226 2121 1307 2180 esset

209 2236 345 2318 vestigia,
369 2233 419 2314 qui
436 2231 552 2295 Christo
575 2230 703 2312 populos
725 2237 950 2313 congregarunt
965 2248 1026 2293 non
1042 2229 1118 2294 fucis
1134 2233 1304 2310 verborum,

209 2348 263 2412 sed
286 2347 409 2429 simplici
433 2363 573 2410 sermone
597 2352 626 2408 et
648 2363 740 2408 verae
762 2344 832 2407 iidci
854 2346 988 2424 ratione,
1022 2345 1103 2408 missi
1133 2346 1198 2408 sine
1221 2363 1305 2427 pera,

210 2462 276 2526 sine
297 2463 402 2545 virga,
436 2461 522 2523 etiam
553 2461 636 2541 ipsos
658 2459 853 2540 philosophos
876 2465 1097 2523 converterunt.
1143 2459 1230 2534 Quod
1253 2460 1303 2523 ubi

176 2590 183 2650 ι
209 2593 248 2638 ne
264 2573 386 2652 faceret,
408 2578 568 2635 revocatus
590 2578 650 2648 est3
676 2571 810 2652 publicas
833 2572 972 2634 mulieres
996 2573 1113 2654 publice
1135 2572 1172 2635 ad
1195 2589 1230 2635 sc
1251 2573 1302 2635 in-

209 2687 296 2772 gredi
319 2686 403 2766 iecit,
431 2687 468 2750 ad
490 2685 549 2748 hoc
571 2691 690 2763 tantum,
714 2691 746 2747 ut
769 2684 841 2748 visis
863 2685 909 2748 his
931 2688 1058 2768 populus
1082 2688 1117 2750 ab
1139 2687 1303 2750 intentione

209 2808 412 2866 revocaretur.
450 2799 490 2863 At
511 2818 585 2862 vero
609 2799 736 2882 populus
759 2800 853 2883 magis
872 2802 1027 2883 magisque
1046 2801 1203 2865 clamabat:
1226 2801 1317 2863 Pec-¹

210 2924 312 2981 cotum
335 2923 419 2978 taam
441 2933 537 2994 super
558 2933 625 2978 uos.

298 3029 327 3094 8.
372 3031 412 3095 At
443 3029 493 3094 ille
524 3046 589 3091 cum
619 3029 735 3092 videret
770 3028 840 3091 nihil
871 3029 1065 3092 intentionem
1096 3046 1179 3092 suam
1213 3048 1304 3112 posse

210 3144 376 3227 prolicere,
407 3144 506 3227 lugam
531 3145 669 3228 paravit.¹
700 3145 850 3228 Egressus
873 3146 965 3228 igitur
986 3146 1083 3209 noctis
1105 3147 1203 3210 medio
1226 3147 1304 3211 civi-

210 3265 310 3338 tatem,
334 3276 400 3322 cum
416 3258 549 3322 Ticinum
571 3277 605 3322 se
628 3277 758 3342 pergere
781 3267 907 3340 putaret,
930 3279 1016 3323 mane
1039 3259 1076 3323 ad
1095 3267 1210 3342 portam
1226 3261 1304 3324 civi-

211 3374 278 3436 tatis
293 3372 534 3453 lllediolanensis,
558 3392 634 3454 quae
650 3373 781 3437 Romana
798 3373 912 3454 dicitur,
935 3375 1101 3453 invenitur;
1125 3375 1199 3439 deus
1217 3375 1304 3454 enirn,

212 3486 263 3567 qui
285 3486 433 3550 ecclesiae
455 3503 528 3550 suae
551 3487 714 3551 catholicae
738 3506 853 3551 murum
872 3488 995 3570 parabat
1010 3488 1155 3552 adversus
1170 3489 1304 3553 inimicos

212 3617 285 3663 suos
309 3607 338 3663 ct
360 3601 462 3664 turrim
485 3601 619 3682 erigebat
636 3600 728 3664 David
752 3609 856 3664 contra
879 3600 984 3664 taciem
999 3601 1146 3680 Damasci,
1168 3600 1228 3664 hoc
1249 3608 1305 3681 est,

214 3718 317 3775 contra
350 3713 502 3792 perfidiam
536 3713 772 3793 haereticorum,
808 3713 908 3796 fugam
942 3713 1018 3776 illius
1052 3713 1203 3796 inpedivit.
1249 3714 1306 3788 Oui

213 3825 352 3888 inventus
375 3843 440 3888 cum
464 3826 663 3890 custodiretur
684 3845 701 3888 a
724 3827 845 3907 populo,
871 3826 961 3888 missa
983 3825 1088 3888 relatio
1112 3832 1158 3890 est
1180 3824 1217 3888 ad
1239 3825 1305 3888 cle-

213 3937 425 4002 mentissimum
460 3940 669 4020 imperatorem
707 3945 777 4001 tunc
814 3938 1065 4019 Valentinianum,
1104 3940 1154 4020 qui
1190 3957 1305 4006 summo

286 4181 541 4252 omum
