2976 4706
261 357 324 426 188
705 351 731 408 a.
751 348 904 406 auanosu

259 538 319 584 non
342 524 467 602 possunt
489 518 623 600 putuisse
646 514 711 578 lieri
733 518 765 576 ut
787 513 914 589 laceret,
937 510 987 594 qui
1011 509 1049 573 de
1064 509 1115 576 illo
1132 507 1219 592 Gyge
1240 513 1354 592 negant

258 635 391 716 potuisse
413 632 495 710 lieri,
518 637 549 693 ut
573 629 652 694 anuli
674 625 820 690 beneboio
843 625 1087 698 absconderetur,

345 741 395 808 36.
442 742 500 808 Sed
524 741 621 804 fabula
645 741 700 806 etsi
723 739 782 801 vim
802 755 862 800 non
883 737 971 800 babet
993 737 1134 814 veritatis,
1153 736 1234 800 'bano
1253 741 1352 798 tamen

257 860 402 923 rationem
425 857 530 932 babet,
560 859 607 931 ut,
635 852 662 916 si
684 850 779 933 possit
802 847 901 912 celare
923 865 957 910 se
980 849 1026 910 vir
1049 849 1159 926 indua,
1190 854 1288 910 umen
1310 851 1352 912 ita

257 980 409 1056 peccatum
440 971 585 1043 declinet,
618 967 703 1050 quasi
735 964 834 1030 celare
866 981 926 1026 non
960 964 1069 1046 possit,
1103 979 1160 1025 nec
1191 979 1352 1046 personam
1465 951 1466 958 '

257 1105 340 1151 suam
369 1084 486 1148 indutus
516 1081 649 1157 anulum,
682 1079 736 1144 sed
759 1081 846 1142 vitam
869 1095 951 1142 suom
975 1076 1121 1140 Gbristum
1153 1076 1270 1140 indutus
1293 1076 1352 1140 ab·

259 1198 400 1275 soondat,
430 1197 507 1259 sicut
530 1181 681 1276 apostolus
705 1195 760 1256 ait:
779 1188 809 1276 ¹)
844 1189 925 1266 Quin
947 1191 1014 1252 citu
1035 1199 1144 1254 norbo
1167 1190 1353 1254 absconditu

204 1378 206 1382 ,
257 1321 303 1377 cat
333 1309 552 1374 cumeorum
580 1311 613 1371 io
644 1309 710 1371 deo.
755 1306 850 1370 Nemo
882 1322 957 1388 ergo
990 1305 1037 1368 bic
1067 1303 1185 1388 fulgere
1217 1313 1351 1386 quaerat,

257 1441 345 1487 nemo
376 1424 432 1486 sibi
460 1428 597 1506 arroget,
628 1438 715 1484 nemo
741 1436 780 1482 se
811 1419 906 1480 iactet
951 1417 1077 1480 Nolebat
1107 1436 1141 1482 se
1165 1418 1300 1482 Christus
1316 1416 1350 1502 ²)

257 1537 305 1601 bic
327 1537 485 1620 cognosci,
519 1535 638 1601 nolebat
667 1533 832 1618 praedicari
864 1533 894 1596 in
924 1532 1084 1616 evangelio
1113 1550 1222 1598 nomen
1253 1551 1349 1613 suum,

258 1666 324 1712 cum
350 1649 490 1720 interris
514 1653 702 1724 versaretur;
732 1648 829 1724 venit,
852 1651 882 1706 ιιι
903 1645 1008 1708 lateret
1030 1647 1180 1710 saeculum
1203 1647 1269 1710 boc.
1313 1645 1352 1710 Et

256 1779 313 1826 nos
347 1779 421 1844 ergo
455 1761 540 1825 simili
574 1759 663 1824 modu
697 1759 912 1824 abscondamus
950 1760 1037 1824 vitam
1074 1768 1205 1826 nostram
1240 1760 1350 1826 Christi

259 1875 419 1956 exemplo,
459 1874 604 1958 fugiamus
642 1875 828 1952 iactantiam,
865 1874 1032 1956 praedicari
1068 1893 1129 1938 non
1166 1883 1348 1957 expetamus.
1469 1847 1470 1926 s

256 1989 362 2052 Melius
389 1995 436 2051 est
458 1989 505 2051 bic
528 2005 598 2050 esse
622 1987 651 2050 iu
682 1986 857 2066 bumilitate,
888 1987 927 2048 ibi
951 1988 980 2048 in
1003 1986 1106 2068 gloria.
1154 1986 1229 2050 Cum
1253 1987 1349 2050 Clari-

255 2111 339 2181 atus,
369 2104 479 2185 inquit,
495 2100 540 2186 3)·
557 2103 756 2183 adposuerit,
789 2102 870 2165 bunc
892 2108 922 2164 et
943 2119 1001 2164 oos
1028 2119 1096 2162 cum
1122 2101 1177 2166 illo
1209 2103 1348 2182 adpare-

255 2218 328 2280 ba'ta'a
351 2219 384 2279 in
405 2219 518 2300 pluria.

671 2379 841 2448 CAPUT
871 2381 931 2447 VI.

254 2519 406 2572 Praevalere
433 2519 500 2588 apud
524 2535 569 2572 noa
595 2519 790 2572 emolumentum
812 2515 868 2569 ¹nou
897 2525 1025 2586 oportere.
1062 2515 1126 2582 Quid
1146 2515 1285 2570 obtendere
1303 2533 1350 2569 so-

255 2607 325 2659 leant
343 2609 385 2676 qui
404 2624 418 2659 a
437 2607 568 2659 frumentis
593 2607 690 2659 lucrum
717 2615 842 2686 captant„
864 2605 957 2674 quidve
980 2605 1029 2656 illia
1054 2606 1149 2657 debeat
1177 2603 1349 2674 responderi?

254 2692 304 2746 Ubi
322 2696 417 2747 eisdem
437 2695 585 2764 evangelica
613 2693 735 2764 parabola
755 2702 781 2744 et
799 2693 941 2745 Salomonis
959 2692 1033 2744 effatu
1052 2693 1099 2745 aub
1118 2691 1195 2745 oculis
1212 2700 1349 2762 ponuntur.

341 2806 391 2872 37.
436 2809 502 2872 Non
524 2810 622 2871 vincat
644 2810 734 2892 igitur
756 2809 939 2872 honestatem
969 2809 1097 2889 utilitas,
1130 2810 1184 2874 sed
1207 2809 1348 2900 honestas

255 2924 406 2988 utilitatem
414 2945 423 3000 ;
457 2922 533 2984 banc
567 2922 633 2985 dico
667 2922 837 3002 utilitatem,
871 2941 948 3004 quae
982 2926 1153 2988 aestimatur
1185 2924 1349 2988 secundum

254 3037 336 3119 uulgi
359 3036 537 3117 opinionem.
582 3017 776 3098 Mortiboe'mr
799 3037 938 3114 avaritia,
962 3037 1103 3101 moriatur
1126 3041 1347 3123 concupiscen-

254 3149 301 3212 tia.
345 3150 477 3215 ¹Sanetus
511 3150 541 3210 in
576 3149 809 3231 negotiationem
841 3151 980 3214 introisse
1012 3169 1047 3215 se
1081 3161 1190 3237 negat3
1213 3151 1246 3239 ⁴)
1279 3156 1347 3236 quia

253 3265 415 3348 pretiorum
442 3269 563 3346 captare
588 3264 769 3328 incrementa
795 3283 855 3329 non
883 3266 1091 3348 simplicitatiS,
1122 3267 1177 3332 sed
1195 3271 1346 3332 versutiae

255 3385 308 3442 est.
361 3379 397 3442 Et
427 3379 501 3442 alius
532 3380 589 3443 ait:
615 3375 646 3464 ⁵)
687 3379 825 3462 Cepione
853 3383 959 3461 pretia
985 3381 1134 3461 frumenti
1163 3385 1347 3449 maledictus

253 3495 288 3557 in
306 3494 395 3576 plebe
418 3503 472 3558 eat.

340 3605 390 3674 38.
435 3607 560 3672 Definita
584 3614 631 3672 est
653 3610 813 3688 sententia,
845 3608 917 3672 nibil
947 3610 1144 3692 disputationi
1162 3611 1346 3694 relinquens,

254 3723 340 3806 quale
372 3725 643 3818 controversiarum
672 3741 769 3808 genus
800 3725 878 3788 solet
908 3725 1025 3789 dicendi
1052 3743 1138 3805 esse,
1171 3745 1237 3789 cum
1269 3726 1344 3789 alius

253 3837 362 3920 allegat
391 3838 600 3921 agriculturam
627 3838 802 3902 laudabilem
831 3839 907 3921 apud
938 3858 1042 3904 omnes
1073 3841 1193 3922 baberi,
1228 3840 1343 3906 tructus

257 3989 453 4002 ‘—

324 4079 353 4148 1)
373 4075 470 4132 Coloba.
490 4079 516 4148 3,
535 4080 560 4136 3.
632 4082 662 4151 2)
680 4081 740 4136 an.
759 4083 784 4152 9,
803 4082 845 4138 36.
910 4082 939 4154 3)
958 4080 1055 4138 coloss.
1074 4082 1142 4150 3,1.
1206 4086 1235 4153 1)
1254 4084 1344 4139 Paalm.

253 4165 296 4234 70,
315 4167 356 4221 15.
426 4168 455 4238 5)
473 4167 546 4224 Prcv.
567 4169 610 4239 11,
628 4170 669 4225 26.
