2976 4706
230 414 293 482 t98
673 407 699 462 s.
718 407 874 462 nnaaosn

226 570 385 650 sideratio,
418 589 495 652 quae
525 569 625 634 dolum
657 569 803 649 excludit,
838 566 972 632 fraudem
1003 571 1079 634 eicit.
1124 567 1209 634 Unde
1240 577 1323 634 recte

226 683 399 768 generalem
418 681 513 748 David
535 681 680 767 propbeta
702 681 847 764 prompsit
869 681 1045 747 seutentiam
1068 683 1190 748 dicens:
1205 679 1236 768 ¹)
1259 684 1324 745 Nec

224 800 302 880 fecit
319 797 468 877 praedm
490 815 550 864 svo
572 797 694 860 melana
732 797 800 861 Non
823 796 919 860 solum
941 797 1041 880 itaque
1062 797 1092 860 in
1114 797 1324 876 contractibus,

226 913 385 994 inquibus
417 912 504 974 etiam
533 910 602 974 vitia
630 929 751 992 eorum,
782 928 861 992 quae
892 919 1037 991 veneant,
1070 909 1157 993 prodi
1186 911 1326 975 iubentur

226 1043 278 1104 ac,
308 1026 365 1088 nisi
395 1025 574 1089 intimaverit
603 1023 760 1104 venditor,
793 1025 927 1108 quamvis
949 1025 979 1091 iu
1002 1026 1050 1088 ius
1074 1025 1215 1106 emptoris
1238 1029 1325 1087 tran-

226 1137 396 1219 scripserit,
427 1135 490 1200 doli
520 1135 638 1200 actione
666 1143 846 1220 vacuentur,
877 1135 932 1198 sed
962 1136 1049 1199 etiam
1082 1137 1265 1220 generaliter
1295 1137 1325 1201 in

227 1250 362 1313 omnibus
385 1248 471 1316 dotus
494 1250 603 1314 abesse
625 1250 731 1330 debet,
764 1248 923 1333 aperienda
946 1249 1133 1332 simplicitas,
1166 1251 1326 1315 intimanda

227 1365 339 1428 veritas
362 1370 416 1426 est

313 1474 364 1541 ut.
407 1477 547 1540 Veterem
577 1483 674 1540 autern
705 1477 791 1540 istam
814 1474 944 1540 dedolo
968 1494 1029 1541 non
1054 1477 1128 1540 iuris
1160 1475 1326 1558 peritorum

227 1591 399 1670 termulam,
433 1591 487 1654 sed
506 1590 737 1672 patriarcharum
760 1591 936 1657 sententiam
958 1591 1105 1671 scriptura
1129 1589 1227 1653 divina
1256 1589 1325 1652 evi·-

227 1705 334 1766 denter
361 1703 508 1787 expressit
538 1702 568 1764 in
596 1701 674 1766 libro
703 1701 872 1768 testamenti
903 1701 1032 1780 veteris,
1063 1702 1113 1784 qui
1142 1701 1211 1764 lesu
1240 1701 1326 1763 Nave

227 1816 374 1882 scribitur.
418 1815 493 1882 Nam
522 1833 588 1877 cunr
619 1815 732 1876 exisset
762 1813 838 1876 lama
866 1831 922 1896 per
950 1814 1099 1896 populos,
1115 1810 1148 1898 ²)
1184 1815 1325 1878 siccatum

228 1946 297 1992 esse
319 1947 401 1993 mare
423 1929 453 1992 in
475 1929 680 1992 Hebraeorum
709 1928 849 2008 transitu,
881 1927 1005 1996 fluxisse
1038 1947 1143 2010 aquam
1168 1928 1206 1991 de
1228 1933 1322 2011 petra,

227 2041 266 2104 de
288 2042 374 2105 caelo
397 2041 531 2104 diurnam
559 2041 719 2104 ministrari
748 2040 915 2106 alimoniam
937 2046 982 2104 tot
1002 2041 1104 2124 populi
1126 2042 1243 2106 milibus
1266 2042 1326 2103 ab-

227 2153 403 2234 undantem,
424 2155 576 2218 corruisse
598 2173 700 2217 muros
717 2153 857 2218 Hiericho
880 2173 968 2218 sacro
991 2156 1126 2220 tubarum
1149 2173 1243 2234 sono,
1266 2155 1326 2220 ictu

227 2278 258 2333 ct
280 2271 391 2333 ululatu
413 2269 509 2356 plebis
532 2271 691 2351 arietatos,
723 2271 922 2334 Getlraeorum
946 2288 1067 2352 quoque
1090 2287 1195 2351 regem
1217 2269 1325 2334 victum

228 2391 258 2447 et
273 2401 451 2467 suspensum
474 2386 504 2446 in
526 2385 609 2468 ligno
632 2403 730 2468 usque
753 2386 789 2447 ad
813 2403 987 2466 vesperam:
1004 2381 1037 2468 ³)
1060 2379 1241 2447 Gabaonitae
1257 2399 1325 2445 me-

228 2501 346 2562 tuentes
374 2495 500 2558 validaru
530 2515 665 2576 manum,
697 2502 845 2559 venerunt
874 2487 943 2559 cum
970 2497 1120 2576 versutia,
1153 2495 1327 2558 simulantes

228 2626 263 2671 se
294 2607 333 2670 de
362 2613 443 2673 terra
476 2607 638 2689 longinqua
679 2625 749 2672 esse
790 2608 901 2688 diuque
934 2609 1142 2691 peregrinatos
1178 2607 1326 2690 dirupisse

229 2718 446 2798 calciamenta,¹
471 2717 629 2782 detrivisse
655 2718 779 2782 amictus
804 2721 948 2799 vestium,
983 2737 1106 2800 quarum
1127 2727 1325 2784 veterascen-

71 2867 73 2872 ·
147 2899 150 2904 ,
227 2833 298 2896 tium
329 2831 436 2897 indicia
465 2836 680 2909 monstrarent,
717 2847 834 2894 causam
865 2837 962 2894 autem
992 2833 1064 2898 tanti
1097 2834 1208 2897 laboris
1238 2852 1326 2896 eme-

229 2945 340 3009 rendae
361 2944 444 3029 pacis
467 2948 497 3006 et
518 2944 666 3011 ineundae
691 2963 756 3008 cum
779 2945 922 3010 Hebraeis
946 2965 1016 3009 esse
1038 2947 1183 3010 amicitiae
1206 2945 1326 3028 cupidi-

229 3065 335 3137 tatem,
368 3062 400 3120 et
420 3062 587 3138 coeperunt
608 3057 645 3121 ab
669 3057 737 3124 lesu
758 3059 843 3127 Nave
865 3076 994 3141 poscere
1017 3066 1049 3126 ut
1070 3077 1173 3122 secum
1196 3059 1326 3122 firmaret

230 3169 413 3234 societatem.
456 3166 493 3234 Et
519 3169 587 3248 quia
609 3167 707 3232 adbuc
730 3177 794 3236 erat
815 3170 939 3252 ignarus
961 3170 1096 3239 locorum
1125 3178 1214 3253 atque
1236 3173 1326 3234 inco*

227 3283 323 3346 larum
342 3282 472 3362 inscius,
505 3300 566 3347 non
592 3283 735 3366 cognovit
758 3283 878 3350 fraudes
902 3301 1023 3365 comm,
1054 3304 1153 3366 neque
1176 3284 1325 3351 dominum

228 3397 440 3489 interrogavit,
464 3396 519 3459 sed
541 3398 599 3463 cito
623 3396 758 3463 credidit.

314 3506 366 3574 68.
409 3508 497 3572 Adeo
525 3515 627 3572 sancta
658 3515 722 3574 erat
750 3509 807 3576 illis
838 3509 1021 3591 temporibus
1042 3509 1135 3589 fides,
1166 3515 1198 3572 ut
1219 3508 1324 3576 tallere

228 3623 344 3704 aliquos
378 3641 472 3708 posse
507 3641 569 3688 non
610 3621 793 3687 crederetur.
849 3624 923 3699 Quis
959 3610 1032 3687 hoc
1056 3623 1257 3705 reprehendat
1293 3621 1325 3684 in

228 3738 356 3818 sanctie,
390 3736 440 3818 qui
469 3741 588 3798 ceteros
612 3732 649 3796 de
671 3751 726 3798 sno
753 3733 861 3802 attecu
892 3737 1060 3815 aestimant,
1092 3742 1123 3797 et
1152 3737 1221 3817 quia
1250 3735 1324 3817 ipsis

229 3850 321 3914 amica
350 3854 395 3914 est
425 3845 553 3925 veritas,
587 3845 704 3909 mentiri
731 3848 876 3911 neminem
907 3853 1027 3929 putant,
1062 3847 1166 3914 tallere
1192 3847 1262 3930 quid
1284 3848 1324 3911 sit

227 3963 382 4046 ignorant,
405 3961 533 4028 libenter
554 3957 680 4024 credunt
701 3962 781 4042 quod
799 3963 856 4044 ipsi
877 3968 961 4041 sunt,
984 3979 1042 4028 uec
1063 3967 1189 4044 possunt
1210 3979 1323 4044 suspe-

301 4214 329 4283 1]
346 4211 437 4266 Psalm.
457 4212 499 4278 tt,
518 4210 543 4264 3.
613 4213 642 4280 2)
661 4212 738 4268 lesus
754 4213 780 4281 9,
803 4213 819 4265 3
837 4229 909 4284 seqq.
981 4212 1008 4276 3)
1028 4209 1092 4264 lbid.
1110 4211 1137 4278 8,
1155 4212 1198 4268 29.
