2976 4706
391 403 436 458 DE
463 399 600 457 orrtctts
622 395 846 453 ministrabantur
866 395 961 449 LIBER
979 394 1020 450 ΠΛ
1081 469 1088 482 ⁶
1184 393 1242 464 131

240 566 290 632 21.
335 566 408 630 Esto
434 571 532 628 tamen
555 563 648 626 fuisse
670 562 700 624 in
723 560 781 623 illis
803 559 910 641 aliquid
943 558 1127 639 acerbitatis,
1158 577 1247 641 quem

152 682 247 746 virtus
270 681 358 744 animi
381 697 441 742 non
466 678 621 742 abscondit
644 675 786 740 dolorem.
830 675 936 756 Neque
966 675 1044 736 enim
1069 672 1248 756 protundum

152 815 232 859 mare
255 795 444 878 negaverim,
468 793 535 874 quia
559 789 670 855 vadosa
693 789 780 854 litora
804 796 872 853 sunt
879 809 888 866 ;
913 807 1011 871 neque
1033 789 1147 852 caelum
1169 787 1248 852 luci-

155 909 242 990 dum,
274 910 342 991 quia
363 906 511 970 interdum
534 905 683 968 obtexitur
705 904 850 980 nubibus;
886 919 984 984 neque
1008 907 1116 966 terram
1140 901 1249 964 decun-

153 1024 233 1103 dam,
258 1024 327 1104 quia
349 1021 495 1102 aliquibus
518 1019 594 1083 locis
617 1018 715 1080 ieiuna
739 1015 840 1100 glarea
857 1024 917 1093 est;
941 1021 990 1078 aut
1004 1017 1096 1080 laetas
1118 1023 1249 1101 segetes,

154 1137 223 1220 quia
256 1135 452 1199 intermixtam
487 1133 585 1197 solent
616 1132 728 1194 babere
763 1131 894 1194 sterilem
928 1149 1061 1194 avenam.
1113 1131 1251 1197 Similiter

153 1257 224 1333 puta
258 1249 363 1312 beatae
396 1263 526 1308 messem
562 1243 762 1308 conscientiae
795 1243 976 1326 interpellari
1009 1245 1108 1326 aliquo
1141 1245 1250 1309 acerbo

155 1363 277 1428 doloris.
323 1362 431 1424 Nonne
462 1360 550 1421 totius
583 1356 736 1438 manipulis
767 1358 845 1418 vitae
874 1358 997 1438 beatae,
1029 1358 1146 1441 siquid
1174 1357 1251 1423 lorte

154 1475 263 1540 accidit
286 1475 405 1537 adversi
427 1481 517 1554 atque
540 1470 756 1550 amaritudinis,
779 1477 926 1553 amquam
948 1473 1055 1536 sterilis
1079 1491 1172 1536 avena
1194 1474 1252 1536 ab·

156 1589 327 1669 scanditur,
351 1595 401 1651 aut
422 1594 570 1668 tamquam
593 1585 655 1647 lolii
678 1585 841 1648 amaritudo
865 1585 1003 1650 frumeuti
1025 1587 1168 1650 suavitate
1191 1587 1253 1650 ob-

155 1701 298 1766 ducitur?
343 1700 402 1766 Sed
425 1701 482 1762 iam
506 1699 542 1761 ad
565 1700 717 1779 proposita
741 1716 913 1783 pergamus.

570 1951 750 2017 CAPUT
783 1955 840 2023 Vl.

158 2121 197 2172 lte
219 2122 274 2172 utili
291 2136 341 2172 non
364 2127 518 2189 quaestuoso
537 2118 597 2182 illo,
623 2118 668 2168 sed
689 2120 754 2171 iusto
775 2130 800 2172 et
819 2121 941 2186 honesto,
967 2124 1034 2190 quod
1059 2125 1134 2176 etiam
1158 2121 1255 2177 damnis

308 2210 450 2278 quaeritur,
469 2223 499 2258 ac
518 2205 636 2258 dividitur
654 2209 679 2258 in
698 2208 761 2260 utile
779 2223 929 2276 corporeum
948 2218 975 2260 et
992 2211 1103 2278 pictatis.

247 2353 297 2416 22.
344 2350 505 2431 Superiora
539 2349 615 2412 libro
647 2351 686 2412 ita
718 2350 892 2414 divisionem
925 2352 1063 2433 fecimus,
1097 2361 1130 2416 ut
1158 2353 1253 2436 primo

160 2466 227 2530 loco
259 2473 340 2528 esset
369 2465 526 2528 honesturn
550 2482 585 2526 ac
612 2464 771 2544 decorum,
804 2484 820 2527 a
851 2485 911 2548 quo
940 2465 1036 2530 officia
1067 2466 1255 2551 ducerentur,

162 2579 298 2644 secundo
320 2579 388 2644 loco
413 2578 483 2658 quid
506 2579 585 2642 utile.
628 2579 664 2640 Et
687 2580 932 2660 quemadmodum
954 2582 984 2644 in
1006 2580 1100 2661 primo
1129 2580 1255 2646 diximus

162 2693 230 2774 quia
253 2693 329 2754 inter
352 2691 509 2755 honestum
533 2698 563 2753 et
585 2691 727 2755 decorum
752 2700 798 2756 est
821 2693 965 2774 quaedam
988 2694 1154 2775 distinctio,
1178 2712 1255 2776 quae

159 2805 256 2889 magis
279 2803 428 2886 intellegi,
462 2821 549 2884 qnam
578 2804 719 2884 explicari
751 2805 859 2887 possit:
890 2809 933 2869 sic
956 2813 986 2869 et
1009 2826 1075 2871 cum
1097 2805 1168 2869 utile
1189 2811 1255 2869 tra-

162 2924 294 2994 ctamus,
316 2914 563 2978 considerandum
586 2914 703 2977 videtur
725 2916 796 2996 quid
818 2917 925 2981 utilius.

249 3025 301 3092 23.
346 3027 502 3090 Utilitatem
531 3035 629 3090 autem
658 3046 718 3091 non
749 3031 913 3110 pecuniarii
944 3033 1018 3095 lucri
1050 3036 1256 3102 aestimatione

163 3142 372 3220 subducimus,
405 3143 458 3206 sed
491 3141 687 3223 adquisitione
717 3144 849 3224 pietatis,
881 3147 956 3208 sicut
979 3149 1131 3228 apostolus
1153 3151 1206 3212 ait:
1225 3146 1256 3235 ¹)

161 3259 267 3320 Pictos
290 3265 391 3319 cutem
416 3257 458 3317 ud
473 3256 577 3318 omniu
599 3257 687 3318 utilis
703 3265 758 3334 cst,
778 3260 1019 3336 promissionem
1040 3263 1157 3324 babens
1172 3264 1256 3324 citae

160 3371 338 3450 proesentis
362 3375 393 3428 ct
412 3366 547 3446 suturae.
585 3367 687 3448 ltaque
709 3371 740 3431 in
762 3371 914 3452 scripturis
937 3372 1042 3435 divinis
1058 3375 1084 3436 si
1099 3375 1256 3460 diligenter

163 3499 349 3566 quaeramus,
372 3499 464 3563 saepe
486 3481 651 3544 invenimus
674 3483 754 3562 quod
773 3483 929 3548 honestum
946 3493 993 3548 est
1007 3488 1077 3549 utile
1092 3490 1209 3553 vocari:
1223 3487 1255 3575 ²)

164 3597 277 3662 Omnia
305 3596 380 3658 mibi
408 3595 519 3671 licent,
553 3596 609 3657 aed
635 3614 699 3658 non
724 3598 828 3660 omniu
857 3606 930 3661 sunt
957 3600 1056 3662 utilio
1101 3601 1194 3685 Supra
1217 3602 1255 3667 de

164 3712 241 3775 vitiis
263 3710 448 3792 loquebatur.
492 3709 555 3772 lloc
579 3726 652 3793 ergo
683 3710 766 3772 dicit:
779 3706 811 3795 ³)
844 3712 926 3774 Licet
951 3731 1095 3795 peccare,
1118 3715 1255 3779 sednon

165 3824 261 3888 decet
297 3823 330 3886 lu
351 3828 498 3908 potestate
522 3829 590 3886 sunt
610 3829 742 3905 peccata,
769 3825 906 3888 sednon
929 3834 998 3889 sunt
1019 3828 1153 3893 honesta.
1190 3830 1255 3894 Lu-

163 3939 276 4002 xuriari
297 3943 480 4020 promptum,
500 3935 555 3999 sed
577 3953 639 4000 non
661 3939 776 4002 iustum.
821 3938 890 4003 Non
912 3941 990 4003 enim
1012 3940 1069 4007 deo
1092 3960 1177 4026 esea,
1199 3945 1255 4010 sed

163 4053 262 4117 ventri
287 4051 444 4136 colligitur.

236 4221 264 4290 ι)
283 4222 307 4278 1.
327 4221 388 4278 nim.
407 4223 433 4288 n,
451 4221 475 4276 e.
546 4223 575 4287 a)
595 4223 617 4276 1.
636 4223 694 4277 cor.
714 4224 741 4291 c,
761 4225 800 4278 m.
873 4227 904 4297 a)
920 4227 1009 4281 rcere.
1028 4227 1071 4296 29,
1093 4228 1132 4282 ιο.

991 4323 1045 4392 922
