2932 4700
594 355 619 414 Ι.
638 353 801 413 mansit
868 449 872 462 .
1203 357 1241 426 ss

141 518 353 602 propinquare
374 533 484 601 posse,
508 535 611 583 vsmm
634 519 721 584 etiarn
745 535 801 582 uec
822 518 860 582 ad
882 517 964 582 iores
987 517 1110 600 domus,
1133 519 1162 582 in
1186 537 1244 601 qua

142 634 287 696 manebat
319 634 497 715 episcopus,
530 636 670 716 quoniam
705 635 783 718 ignis
816 633 1022 715 insuperabilis
1054 651 1142 697 omna
1175 633 1244 696 illud

143 745 313 812 aedilicium
335 746 546 826 communiret,
575 753 608 810 ut
635 747 722 810 etiam
752 745 845 831 longe
871 747 959 828 positi
989 752 1155 808 urerentur.
1203 745 1244 810 lta

144 875 289 922 cessasse
318 864 397 921 artes
420 875 507 938 suas,
540 859 646 940 quibus
676 857 821 922 adversus
852 858 962 922 domini
993 858 1179 922 sacerdotem
1209 877 1244 922 se

144 971 260 1054 aliquid
290 987 381 1055 posse
414 971 618 1034 arbitrabatur.
668 969 755 1034 Alius
787 971 875 1034 etiam
909 969 1038 1054 gladium
1070 971 1172 1033 lerens
1207 971 1244 1034 ad

144 1087 315 1150 cubiculum
338 1103 435 1167 usque
457 1087 605 1168 pervenit,
628 1092 660 1148 ut
682 1085 864 1150 interficeret
879 1086 1083 1162 sacerdotem3
1107 1083 1161 1148 sed
1177 1103 1264 1148 cum.

146 1201 298 1264 elevasset
321 1217 447 1279 manum,
471 1199 602 1264 districto
626 1200 744 1284 gladio,
768 1199 893 1263 dextera
916 1201 1074 1282 obrigente
1095 1201 1243 1262 remansit

146 1315 234 1378 Tune
256 1332 290 1377 se
312 1315 435 1378 missum
457 1333 473 1376 a
497 1315 606 1378 lustina
630 1323 785 1396 postquam
810 1313 968 1378 contessus
993 1321 1054 1393 est,
1084 1314 1242 1392 brachium,

146 1427 248 1510 quod,
271 1429 372 1510 inique
396 1448 463 1492 curn
487 1430 718 1510 extenderetur,
743 1430 933 1512 obriguerat,
962 1435 1095 1491 sanatum
1118 1426 1243 1492 nonies-

146 1543 235 1604 sione
257 1548 312 1606 est.

237 1651 288 1720 21.
334 1658 390 1720 Per
413 1657 490 1720 idenr
513 1663 629 1738 tempus
652 1676 718 1721 cum
745 1659 792 1720 vir
822 1658 951 1721 inlustris
974 1656 1088 1720 Probus
1119 1675 1243 1738 puerum

147 1787 234 1832 suurn
257 1774 421 1852 notarium,
455 1773 504 1852 qui
526 1773 631 1854 spiritu
659 1772 802 1836 inmundo
824 1773 957 1855 graviter
979 1773 1161 1849 vexabatur,
1194 1770 1243 1832 di-

146 1887 279 1948 rexisset
302 1887 337 1949 ad
360 1887 541 1969 episcopum,
565 1905 721 1971 egressum
736 1888 845 1950 Urbem
862 1887 969 1950 dimisit
985 1886 1119 1948 diabolus
1135 1887 1243 1948 timens
1304 1891 1306 1898 '

146 2000 185 2064 ad
209 2001 302 2062 virurn
326 2008 459 2063 sancturn
481 2002 623 2083 perduci3
655 2009 744 2083 atque
767 2003 805 2064 ita
827 2020 904 2085 puer
930 2001 1060 2082 quandiu
1084 2000 1242 2063 Mediolani

147 2113 225 2196 apud
250 2116 421 2197 episcopum
444 2114 514 2195 luit,
547 2116 625 2178 nulla
648 2117 679 2179 in
701 2116 751 2179 illo
775 2116 883 2179 diaboli
907 2116 1066 2179 dominatio
1091 2114 1241 2195 adparuit3

147 2225 202 2288 sed
224 2226 275 2288 ubi
299 2245 442 2310 egressus
465 2228 503 2290 de
525 2227 694 2290 Mediolano
718 2236 764 2291 est
786 2234 816 2289 et
837 2245 932 2309 prope
955 2228 1064 2290 Urbem
1095 2229 1242 2309 pervenit,

147 2339 226 2401 idern
249 2342 385 2422 spiritus,
419 2345 469 2424 qui
498 2343 577 2404 illurn
608 2348 675 2403 ante
705 2341 864 2421 babuerat,
896 2359 1009 2404 vexare
1033 2342 1139 2424 coepit.
1185 2342 1242 2416 Qui

147 2472 213 2517 cum
229 2457 467 2538 interrogaretur·
482 2459 517 2521 ab
535 2457 702 2536 exorcistis,
723 2474 785 2535 cur,
807 2456 936 2536 quandiu
952 2456 1110 2520 Mediolani
1126 2455 1241 2534 luisset,

146 2570 260 2630 nonin
283 2570 333 2633 illc
358 2569 561 2653 adparuisset,
594 2571 751 2636 confessus
776 2577 821 2634 est
844 2571 978 2636 diabolus
1009 2573 1141 2635 timuisse
1165 2573 1270 2643 Aru-t

146 2681 296 2759 brosium3
328 2683 397 2746 ideo
420 2685 585 2748 recessisse
609 2684 645 2746 ad
668 2692 783 2766 tempus
806 2691 894 2766 atque
918 2692 1111 2768 exspectasse
1140 2686 1169 2748 in
1192 2685 1242 2748 illo

147 2797 235 2875 loco,
258 2797 308 2858 ubi
331 2798 367 2858 ab
390 2797 441 2860 illo
463 2805 647 2877 recesserat,
671 2798 768 2862 donec
790 2803 1002 2860 reverteretur.
1042 2798 1108 2872 Quo
1131 2817 1242 2861 rever-

146 2916 228 2972 tente
251 2929 315 2990 vas,
339 2912 418 2992 quod
442 2911 626 2992 deseruerat,
649 2914 817 2994 repetisset.

234 3023 286 3088 22.
324 3025 479 3090 Exstincto
497 3028 595 3108 itaque
612 3027 749 3108 Maximo,
765 3028 864 3110 posito
876 3026 1046 3090 Theodosio
1062 3027 1242 3109 imperatore

147 3135 323 3217 Mediolani,
352 3139 514 3202 Ambrosio
543 3158 617 3203 vero
645 3142 788 3222 episcopo
821 3141 980 3204 constituto
1010 3140 1181 3222 Aquileiae,
1212 3142 1240 3203 in

147 3252 280 3332 partibus
304 3252 434 3317 Orientis
458 3256 487 3318 in
511 3256 638 3336 quodam
666 3257 789 3319 castello
815 3274 831 3317 a
855 3256 1026 3350 Christianis
1050 3258 1122 3349 viris
1146 3275 1241 3339 syna·
1273 3283 1282 3348 p

146 3383 228 3450 gogo
246 3367 423 3430 ludaeorum
447 3376 476 3431 et
496 3370 582 3433 lucus
599 3371 869 3435 Valentinianorum
893 3370 1030 3433 incendio
1055 3375 1241 3434 concremata

147 3487 232 3560 sunt,
262 3488 421 3563 propterea
449 3483 530 3563 quod
559 3483 659 3546 ludaei
686 3485 735 3546 vel
758 3485 954 3548 Valentiniani
976 3484 1150 3546 insultarent
1173 3502 1241 3546 rno-

147 3593 249 3656 nacbis
265 3592 456 3672 Christianis3
480 3595 753 3660 Valentinianorum
777 3599 855 3659 enirn
877 3599 1011 3660 haeresis
1031 3598 1149 3680 triginta
1167 3598 1240 3660 deos

148 3705 226 3767 colit.
266 3706 326 3770 Sed
351 3707 388 3769 de
411 3707 578 3770 huiusmodi
603 3707 681 3772 lacto
704 3727 806 3772 comes
823 3710 953 3772 Orientis
978 3710 1014 3772 ad
1033 3712 1241 3792 imperatorem

147 3820 323 3884 relationem
354 3820 467 3884 direxit.
519 3824 583 3898 Qua
618 3831 739 3905 accepta
774 3826 934 3905 imperator
962 3832 1176 3908 praeceperat,
1210 3830 1242 3887 ut

149 3952 307 4018 synagoga
330 3936 366 3998 ab
389 3938 532 4018 episcopo
554 3939 614 4001 loci
637 3939 896 4020 reaedificaretur,
928 3942 957 4002 in
981 3942 1144 4004 monachos
1166 3957 1239 4002 vero
1271 3949 1275 4014 t

149 4046 359 4110 vindicaretur.
405 4049 463 4113 Sed
486 4051 572 4114 buius
595 4053 746 4134 praecepti
771 4059 858 4116 tenor
886 4071 952 4115 curn
979 4054 1017 4116 ad
1047 4072 1135 4117 aures
1164 4071 1238 4135 per-

149 4162 283 4228 venisset
306 4162 486 4227 venerabilis
509 4165 565 4227 viri
580 4162 730 4228 Ambrosii
750 4166 891 4249 episcopi,
915 4166 1022 4230 direxit
1044 4167 1081 4230 ad
1104 4169 1237 4249 impera-
