2932 4700
389 395 434 448 DE
455 393 591 450 ostelens
611 393 832 448 ttttttsrttotttttt
850 393 947 450 tibuit
965 399 983 450 l.
1193 400 1231 463 81

135 531 209 616 uera
238 527 374 617 lateatur.
421 555 557 637 Denique
581 564 611 618 et
635 556 771 619 domiuus
794 575 849 638 per
868 555 1021 618 Hesaiam:
1053 556 1152 634 Ecce,
1186 558 1235 619 irr-

136 668 208 747 quit,
229 664 258 750 ¹)
289 668 374 731 mitto
406 668 538 750 lapidem
561 672 593 732 a'rr
615 673 849 751 fondamentum
878 670 974 746 Sica,
1006 668 1118 748 idest,
1147 661 1236 732 Chri-

136 786 213 843 stum
235 781 266 843 in
289 781 479 845 fundamenta
512 781 667 843 ecclesiae.
714 781 802 844 Fides
833 781 910 842 enim
934 781 1062 842 oninium
1086 781 1235 857 Christus3

137 893 265 957 ecclesia
278 902 375 959 autem
388 894 532 976 quaedam
545 893 638 957 lorma
652 895 779 957 iustitiae
792 899 847 973 est,
865 913 1021 957 commune
1033 894 1077 956 ius
1091 895 1236 956 omnium:

138 1007 168 1068 in
193 1026 349 1071 commuue
374 1015 455 1086 orat,
482 1009 692 1092 incommune
723 1017 881 1092 operatur,
911 1009 941 1069 in
972 1026 1127 1069 commune
1157 1016 1237 1071 tem-

137 1126 243 1201 ptatur.
288 1121 425 1202 Denique
450 1123 500 1202 qui
524 1139 558 1183 se
581 1123 675 1202 ipsum
700 1121 756 1183 sibi
779 1122 924 1203 abnegat,
948 1122 1012 1201 ipse
1035 1122 1145 1198 iustus,
1171 1121 1235 1201 ipse

138 1231 245 1316 dignus
269 1241 315 1298 est
330 1233 456 1298 Christo.
501 1233 572 1296 ldeo
597 1241 626 1296 et
649 1233 756 1295 Paulus
779 1231 1002 1294 laudamentum
1025 1233 1124 1314 posuit
1147 1231 1236 1294 Chri-

137 1353 232 1426 stum,
249 1343 282 1430 ²)
314 1354 346 1410 ut
367 1355 457 1428 supra
482 1366 548 1410 eum
574 1365 665 1428 opera
695 1347 822 1409 iustitiae
852 1347 1037 1423 locaremus,
1071 1347 1139 1424 quia
1162 1343 1237 1406 fides

137 1458 359 1523 fundamentum
383 1469 445 1537 est3
477 1462 506 1521 in
533 1462 673 1542 operibus
706 1437 803 1523 autem
835 1466 885 1522 aut
914 1460 997 1523 malis
1028 1460 1167 1539 iniquitas
1190 1464 1239 1521 aut

137 1570 225 1636 bonis
248 1575 357 1637 iustitia
379 1578 433 1636 εει.

531 1769 705 1836 CAPUT
732 1773 842 1836 XXX.

139 1911 178 1986 ua
197 1935 365 1986 beneficentia
385 1942 410 1985 ει
429 1936 482 1985 eius
511 1935 643 2003 partibus,
668 1936 839 1988 benivolentia
862 1944 888 1988 et
911 1935 1077 1999 liberalitate3
1107 1935 1235 2004 quomodo

139 2021 199 2074 illae
217 2021 290 2075 simul
315 2021 460 2092 iungendos
489 2025 555 2088 sint,
583 2031 741 2091 quaenamve
770 2022 905 2088 adiuncta,
935 2032 962 2074 ut
987 2021 1163 2074 liberalitatem
1183 2037 1238 2073 cum

367 2108 444 2162 laude
462 2125 493 2162 ac
511 2112 602 2162 merito
621 2112 677 2179 quis
697 2119 824 2175 exerceat,
843 2112 1007 2178 requirantur.

231 2247 301 2324 143.
347 2251 406 2315 Sed
429 2254 487 2314 iam
511 2253 548 2315 de
571 2252 768 2314 beneficentia
797 2252 968 2331 loquamur,
1000 2269 1076 2332 quae
1101 2248 1238 2312 dividitur

141 2363 230 2424 etiam
261 2364 327 2444 ipsa
355 2365 385 2426 in
416 2365 645 2427 benivolentiam
679 2371 709 2425 et
739 2364 952 2426 liberalitatem.
997 2364 1044 2425 Ex
1074 2363 1120 2425 his
1148 2364 1239 2446 igitur

140 2475 254 2538 duabus
285 2483 401 2540 constat
430 2475 643 2553 beneficentia,
675 2481 707 2536 ut
731 2474 767 2535 sit
785 2473 931 2555 perfecta.
977 2475 1046 2538 Non
1069 2477 1147 2538 euim
1168 2476 1239 2538 satis

140 2594 187 2651 est
207 2589 285 2652 bene
308 2590 406 2669 velle,
437 2589 491 2653 sed
515 2592 602 2651 etiam
624 2589 702 2650 bene
735 2589 837 2652 lacere
845 2610 854 2665 3
888 2587 946 2651 dec
969 2593 1040 2655 satis
1064 2599 1110 2654 est
1132 2593 1238 2654 iterum

140 2702 358 2783 benefacere,
388 2705 447 2766 uisi
470 2705 499 2766 id
523 2723 562 2764 ex
584 2703 665 2766 bono
689 2703 789 2782 loute,
813 2704 871 2766 hoc
895 2712 957 2784 est,
980 2706 1060 2768 bona
1086 2706 1239 2768 voluntate
1299 2715 1310 2774 t
1324 2749 1326 2756 .
1364 2734 1373 2772 f

139 2815 362 2896 proficiscatur3
386 2817 518 2878 hilarem
541 2817 622 2878 euim
646 2809 785 2880 datorem
809 2819 915 2898 dilipit
937 2819 1022 2882 deas.
1040 2815 1072 2902 ³)
1117 2818 1190 2881 Nam
1213 2820 1239 2880 si
1307 2831 1315 2866 ι
1356 2821 1388 2860 “t

139 2929 251 2992 invitus
275 2929 386 3009 iacias,
419 2948 495 3011 quae
519 2931 570 2992 tibi
593 2948 709 2994 merces
733 2931 803 2994 est?
848 2931 933 2993 Unde
964 2932 1116 3015 apostolus
1139 2945 1239 3013 gene*
1272 2985 1275 2998 .

139 3042 260 3105 raliter:
277 3039 310 3125 ⁴)
342 3041 378 3102 st
399 3041 508 3105 voleus
530 3043 591 3104 boc
613 3060 692 3122 apo,
725 3043 892 3104 mercedem
913 3043 1031 3117 lrabe03
1060 3044 1088 3104 si
1111 3043 1238 3120 inuitus,

140 3157 332 3236 dispensatio
368 3158 443 3219 mibi
477 3157 597 3219 credito
632 3163 684 3219 est.
730 3157 762 3218 lrr
793 3158 951 3241 evaugelio
982 3174 1102 3238 quoque
1133 3156 1238 3219 multas

140 3263 312 3352 disciplinas
337 3269 506 3352 accepimus
529 3269 625 3330 iustae
648 3267 838 3330 liberalitatis.
965 3259 968 3266 ’
1338 3242 1346 3260 ’

231 3381 301 3448 144.
346 3382 503 3446 Pulchrum
527 3389 573 3444 est
595 3382 687 3464 igitur
717 3383 796 3444 benc
819 3381 896 3443 velle
920 3389 950 3444 ει
973 3398 1011 3444 eo
1034 3379 1138 3462 largiri
1160 3397 1238 3442 oon-

140 3496 227 3576 silio,
257 3503 288 3560 ut
309 3497 425 3579 prosis,
458 3512 519 3559 non
541 3502 573 3559 ut
594 3513 715 3558 noceas.
761 3495 834 3558 Nam
858 3496 884 3558 si
905 3493 1062 3557 luxurioso
1085 3492 1122 3556 ad
1145 3493 1239 3556 luxu·

138 3606 203 3671 riae
235 3607 427 3686 effusionem,
465 3607 600 3670 adultero
624 3605 661 3668 ad
685 3605 854 3672 mercedem
886 3604 1022 3669 adulterii
1053 3604 1238 3689 largiendum

138 3725 243 3800 putes,
277 3739 339 3784 uon
369 3727 415 3784 est
447 3720 643 3783 beneficentia
672 3722 742 3798 ista,
776 3721 826 3782 ubi
859 3719 938 3782 nulla
963 3725 1007 3782 est
1028 3719 1238 3781 benivolentia.

140 3830 273 3898 Officere
307 3834 384 3900 euim
408 3833 485 3897 istud
509 3840 573 3912 est,
604 3851 666 3896 uon
688 3832 835 3915 prodesse
857 3833 957 3911 alteri,
991 3833 1017 3896 si
1039 3832 1175 3916 largiaris
1200 3833 1238 3912 ei,

211 4099 456 4169 ouuaaare.
519 4098 755 4171 apameam.
816 4100 1033 4169 meconem.
1099 4097 1238 4168 ritca.

138 4187 228 4258 arr.
619 4215 620 4220 κ

191 4287 352 4339 Auaacrrcs.
581 4283 591 4296 '
1009 4283 1028 4349 6
