2932 4700
186 369 230 434 ω
638 365 839 420 mmm

187 527 279 590 nitate
309 527 464 608 provocati
492 525 618 610 gratiam
649 531 921 608 repraesentarent.
966 526 1102 607 Denique
1127 531 1233 607 postca
1257 524 1288 586 iu

187 646 295 704 terram
318 640 411 704 lsrael
432 640 538 704 venire
560 641 675 722 piratae
699 639 806 724 Syriae
828 640 1012 706 destiterunt.
1230 634 1233 641 ’

279 751 347 820 tto.
393 755 424 819 Si
447 773 524 838 ergo
547 757 633 820 etiam
655 756 685 818 in
708 755 786 820 bello
811 755 919 818 iustitia
944 756 1036 836 valet,
1060 761 1169 836 quanto
1192 755 1288 836 magis

188 871 217 933 in
240 888 314 954 pace
337 869 486 933 servanda
509 871 578 933 esti
622 869 659 932 Et
687 871 764 932 banc
786 871 910 954 gratiam
934 868 1148 953 prophetabis
1174 867 1287 947 detulit,

189 985 240 1065 qui
263 983 300 1046 ad
325 1001 393 1046 eum
416 982 635 1064 corripiendum
658 989 810 1046 venerant.
857 984 906 1048 Sie
929 984 1006 1045 enim
1028 983 1171 1064 legimus,
1206 982 1289 1062 quod

188 1099 218 1160 in
235 1098 422 1161 obsidionem
446 1097 511 1160 eius
530 1098 651 1160 miserat
666 1115 722 1159 rex
739 1098 845 1180 Syriae
868 1098 1033 1160 exercitum
1056 1113 1140 1158 suum
1166 1095 1288 1178 cognito

189 1211 268 1292 quod
291 1211 448 1272 Helisaeus
478 1217 576 1289 esset,
612 1213 662 1291 qui
685 1211 819 1274 consiliis
843 1217 874 1272 et
897 1210 1201 1293 argumentationibus
1224 1210 1289 1270 eius

189 1325 327 1388 obviaret
350 1323 495 1386 omnibus.
540 1324 636 1398 Quem
659 1323 765 1387 videns
790 1325 955 1387 exercitum
976 1322 1059 1386 Giezi
1082 1339 1190 1386 servus
1213 1339 1289 1402 pro-

191 1437 302 1518 phetae
326 1436 363 1498 de
387 1435 490 1498 salutis
521 1436 655 1516 periculo
688 1434 838 1516 trepidare
869 1436 993 1516 coepit?
1038 1434 1091 1496 Cui
1122 1433 1195 1496 dixit
1214 1451 1290 1514 pro-

189 1547 296 1630 pbeta:
316 1543 345 1632 ¹)
372 1547 446 1610 Noli
471 1549 587 1624 timere,
611 1548 759 1628 quoniam
779 1549 887 1626 plures
910 1547 1072 1610 nobiscum
1093 1553 1176 1623 sunt,
1200 1567 1289 1627 qaum

190 1679 258 1727 cam
291 1662 365 1722 iltis.
411 1660 447 1722 Et
475 1666 603 1741 rogante
632 1659 778 1739 propbeta
810 1665 842 1721 ut
872 1660 1059 1743 aperirentur
1090 1659 1169 1721 oculi
1199 1677 1290 1722 servo

190 1791 265 1852 spo,
302 1737 397 1854 aperti
419 1778 498 1835 sunt.
543 1771 580 1833 Et
603 1771 676 1834 vidit
698 1772 797 1851 itaque
822 1770 904 1834 Giezi
928 1778 1019 1834 totum
1049 1778 1179 1835 montem
1206 1773 1290 1854 equis

190 1887 335 1970 repletum
360 1895 390 1950 et
412 1887 549 1949 curribus
573 1887 603 1948 in
627 1887 751 1949 circuitu
774 1885 913 1949 Helisaei.
959 1887 1072 1960 Quibus
1100 1887 1291 1951 descenden·
1405 1893 1407 1896 ’

190 2001 269 2063 libus
293 2001 332 2063 ait
351 2000 513 2082 propbeta:
530 1997 562 2083 Ἰ)
585 2000 745 2062 Pereutiot
767 2001 923 2076 dominus,
948 2002 1098 2063 coecitate
1120 2003 1292 2063 ecarcitam

190 2114 311 2197 Syriae.
358 2114 425 2189 Quo
448 2113 596 2193 inpetrato
620 2111 694 2173 dixit
717 2111 753 2173 ad
778 2112 887 2194 Syros:
901 2108 932 2194 ³)
961 2112 1065 2173 Venite
1086 2121 1162 2191 post
1181 2132 1238 2189 me,
1262 2122 1293 2174 et

191 2229 304 2292 ducum
325 2245 383 2291 coa
406 2227 450 2288 od
470 2226 640 2303 bominem,
672 2244 760 2304 quam
790 2225 952 2304 quaeritis.
998 2224 1034 2286 lit
1064 2225 1205 2288 viderunt
1226 2226 1291 2288 He-

191 2341 325 2419 lisaeum,
348 2359 436 2422 quem
456 2341 611 2422 corripere
635 2339 801 2421 gestiebant
818 2345 848 2400 et
870 2337 1006 2401 videntes
1028 2345 1132 2402 tenere
1153 2357 1213 2401 non
1229 2357 1290 2420 po-

190 2461 298 2519 terant.
343 2455 449 2534 Liquet
471 2454 560 2536 igitur
584 2454 670 2515 etiam
693 2453 723 2514 in
746 2452 825 2515 bello
852 2452 939 2515 fidem
963 2458 993 2512 et
1014 2452 1152 2515 iustitiam
1175 2454 1290 2515 servari

122 2576 128 2588 ’
193 2574 352 2648 oportere,
377 2585 434 2628 uec
457 2565 529 2627 illud
553 2565 696 2627 decorum
720 2583 789 2626 esse
812 2581 919 2645 posse,
943 2564 968 2625 si
991 2554 1119 2626 violetur
1141 2562 1224 2627 lides.

282 2674 352 2740 141.
394 2676 531 2756 Denique
547 2676 633 2737 etiam
650 2675 840 2739 adversarios
856 2675 937 2738 molli
956 2683 1077 2740 veteres
1092 2679 1291 2760 appellatione

192 2791 397 2868 nominabant,
422 2794 453 2850 ut
476 2789 657 2870 peregrinos
681 2793 839 2860 vocarent3
863 2788 966 2851 hostes
991 2789 1068 2850 enirn
1091 2791 1211 2870 antiquo
1233 2791 1291 2852 ritu

69 2951 73 2960 ,
192 2903 346 2987 peregrini
382 2901 563 2965 dicebantur.
610 2900 697 2974 Quod
732 2919 830 2980 aeque
863 2902 951 2963 etiam
982 2901 1078 2982 ipsum
1111 2902 1148 2966 de
1181 2905 1290 2967 nostris

193 3016 378 3096 adsumptum
403 3002 504 3077 dicere
527 3031 704 3097 possumus3
739 3013 929 3079 adversarios
962 3015 1041 3076 enim
1068 3033 1140 3079 suos
1162 3017 1290 3080 Hebraei

194 3129 379 3212 allophylos,
415 3129 473 3192 boc
496 3135 558 3208 est,
588 3129 772 3213 alienigenas
795 3129 899 3193 Latino
922 3129 1110 3211 appellabant
1124 3129 1290 3206 uocabulo.

193 3244 331 3324 Denique
353 3244 383 3304 in
406 3241 482 3305 libro
504 3260 669 3325 regnorum
700 3244 795 3324 primo
817 3245 861 3305 sic
883 3243 1026 3326 legimus:
1043 3239 1077 3327 ⁴]
1111 3243 1154 3304 at
1172 3243 1292 3321 sactum

193 3364 240 3420 ast
262 3358 296 3418 ira
319 3356 428 3420 dicbus
459 3356 543 3434 illis,
574 3365 786 3420 conveneram
813 3356 1009 3446 alienigenae
1033 3356 1066 3417 in
1093 3375 1230 3438 poparum
1250 3356 1294 3420 ad

193 3470 302 3534 lsrael.

283 3579 355 3646 142.
401 3582 632 3646 Fundamentum
667 3601 742 3667 ergo
778 3590 824 3646 est
857 3585 985 3648 iustitiae
1017 3583 1109 3660 lides;
1146 3584 1291 3647 iustorum

196 3696 274 3760 enim
297 3695 389 3759 corda
411 3693 589 3758 meditantur
612 3694 717 3773 iidem,
741 3696 843 3776 etqui
866 3715 900 3759 se
922 3696 1017 3760 iustus
1041 3702 1178 3776 accusat,
1201 3697 1291 3761 iusti-

195 3807 264 3870 tiam
285 3825 376 3888 supra
398 3806 500 3885 fidem,
527 3805 670 3884 collocat3
696 3825 763 3870 nam
786 3814 855 3871 tunc
884 3807 993 3871 iustitia
1016 3809 1082 3872 eius
1105 3808 1242 3890 adparet,
1266 3811 1291 3872 si

267 4064 563 4136 nomem
684 4067 928 4132 mmmm
1047 4064 1290 4136 mmmm

127 4157 136 4171 ·
195 4155 227 4224 d)
244 4152 269 4206 1.
289 4152 355 4224 lleg.
373 4153 400 4220 4,
420 4153 443 4206 1.
1289 4146 1295 4156 ’
1341 4151 1343 4162 “
