2976 4706
383 401 429 455 ltu
449 399 586 454 olricus
606 399 829 455 ulnlstnolttlu
847 399 944 454 LIBER
961 399 1003 454 lll.
1182 403 1244 486 177

131 567 247 649 ,numm
268 567 318 626 aut
339 551 370 626 'in
394 562 554 627 solitudine
575 563 732 628 Iordanem
755 563 878 626 transitu
902 581 958 626 suo
983 562 1100 643 dividit,
1122 571 1155 627 ut
1175 579 1245 646 pars

150 677 258 742 delluat
279 673 446 761 posterior,
478 680 618 760 superior
646 685 744 742 autem
770 680 801 740 in
829 677 941 742 iontem
963 683 1113 758 recurrat,
1145 680 1246 742 autin

150 793 285 858 Carmelo
308 793 441 857 resoluta
464 792 632 858 difficultate
663 793 827 877 generandi
856 793 976 875 inopina
1006 793 1136 856 sterilem
1168 811 1246 856 con-

151 909 289 990 ceptione
311 907 460 987 iecundat,
484 915 533 972 aut
551 909 709 972 resuscitat
725 916 867 988 mortuos,
891 913 940 972 aut
953 892 1087 978 'ciborum
1104 913 1247 990 temperat

151 1021 361 1085 amaritudines
385 1030 414 1085 et
437 1023 506 1086 iacit
529 1023 642 1087 larinae
667 1023 848 1087 admixtione
870 1022 1056 1102 dulcescere,
1079 1031 1128 1086 aut
1143 1023 1247 1086 decem

150 1135 277 1218 panibus
300 1134 462 1199 distributis
486 1137 628 1220 reliquias
652 1137 766 1220 colligit
788 1138 874 1220 plebe
897 1143 1042 1217 saturata,
1066 1144 1115 1200 ant
1137 1136 1248 1200 lerrum

151 1251 268 1312 securis
291 1263 449 1314 excussum
474 1257 504 1313 et
524 1252 555 1313 in
571 1251 652 1314 lluvii
667 1251 801 1314 Iordanis
818 1269 947 1314 mersum
962 1250 1142 1334 protundum
1157 1252 1247 1314 misso

152 1363 182 1426 in
212 1381 304 1445 aquas
334 1365 416 1448 ligno
446 1365 516 1428 iacit
546 1371 759 1447 supernatare,
791 1371 840 1428 aut
868 1364 1076 1429 emundatione
1097 1365 1249 1447 leprosum

153 1484 202 1540 aut
225 1479 386 1542 siccitatem
409 1479 551 1543 imbribus
576 1484 626 1541 aut
648 1477 754 1541 lumem
777 1485 868 1542 mutat
890 1478 1078 1544 fecunditate.

241 1589 268 1654 7.
314 1591 440 1667 Quando
464 1610 539 1675 ergo
562 1593 656 1655 iustus
679 1593 762 1656 solus
787 1599 849 1672 est,
886 1595 1025 1674 quicum
1049 1585 1249 1674 deo'sempcr

153 1707 224 1769 est?
262 1704 387 1780 Quando
410 1707 560 1770 solitarius
585 1714 639 1786 est,
664 1707 713 1788 qui
734 1725 890 1788 numquam
906 1714 1092 1789 separatura
1107 1707 1249 1770 Christo?

154 1819 231 1896 (tois
254 1838 324 1897 nos,
348 1821 450 1900 inquit,
464 1818 496 1905 ¹)
519 1821 682 1901 separabit
703 1842 724 1883 o
745 1823 913 1884 dilectione
938 1821 1079 1884 Obristi?
1119 1821 1250 1902 Confido

154 1934 229 2012 qnia
250 1951 348 2014 neque
370 1954 466 2011 mors,
490 1954 588 2017 neque
611 1937 688 2013 cito,
712 1954 810 2015 neque
834 1936 972 2015 ampelos.
1013 1934 1135 2008 Quando
1153 1941 1251 1997 aulem

154 2042 278 2107 leriator
299 2064 317 2107 a
339 2047 463 2129 negotio
487 2048 537 2127 qui
560 2063 718 2126 numquam
741 2046 863 2109 feriatur
885 2064 902 2107 a
925 2047 1048 2126 merito,
1081 2065 1141 2128 quo
1171 2065 1250 2112 con-

155 2165 317 2220 summatur
350 2159 528 2242 negotium?
574 2161 688 2235 Quibus
712 2167 809 2222 autem
831 2161 907 2222 locis
929 2160 1180 2223 circumscribitur
1203 2161 1250 2222 cui
1312 2241 1316 2252 1

119 2291 126 2304 ’
155 2273 235 2331 totns
257 2269 383 2334 mundus
406 2271 571 2335 divitiarum
594 2273 747 2355 possessio
770 2271 842 2335 esti
880 2274 944 2347 Oua
967 2273 1171 2337 aestimatione
1192 2274 1250 2338 de-

156 2379 255 2444 linitur
277 2383 329 2463 qui
344 2401 509 2463 numquam
532 2384 675 2465 opinione
708 2383 984 2464 conprehenditur?
1027 2383 1142 2448 Etenim
1165 2387 1249 2466 quasi

158 2495 314 2578 ignoratur
336 2503 366 2560 et
387 2489 592 2582 cognoscitur,
608 2493 640 2580 ²)
663 2497 747 2578 quasi
769 2498 892 2561 moritur
915 2505 945 2561 et
967 2517 1039 2562 ecce
1061 2500 1142 2579 vivit,
1165 2501 1250 2583 quasi

158 2609 249 2673 tristis
273 2616 302 2673 et
324 2627 442 2692 semper
469 2611 592 2691 laetior,
613 2617 653 2674 -ut
682 2629 798 2694 egenus
827 2618 857 2676 et
884 2612 1003 2696 largus,
1037 2621 1068 2678 ut
1098 2615 1149 2696 qul
1178 2615 1250 2678 nihil

158 2723 265 2786 habeat
288 2731 317 2787 et
340 2725 492 2808 possideat
515 2725 621 2789 omnia.
658 2725 736 2788 Nibil
760 2727 838 2788 enirn
860 2734 974 2808 spectat
998 2728 1044 2790 vir
1065 2729 1169 2808 iustus,
1191 2729 1249 2792 nisi

159 2836 239 2918 quod
264 2843 403 2903 constans
419 2847 450 2903 et
464 2840 621 2904 honestum
643 2846 697 2903 est.
734 2838 772 2903 Et
792 2837 871 2920 ideo,
894 2841 1023 2904 etiamsi
1046 2841 1094 2904 alii
1113 2839 1249 2906 videatur

156 2966 281 3031 pauper,
303 2951 359 3014 sibi
375 2950 459 3015 dives
476 2957 522 3016 est
543 2953 669 3034 quinon
684 2970 799 3032 eorum,
820 2971 898 3035 quae
920 2952 1041 3033 caduca,
1063 2951 1119 3018 sed
1134 2968 1248 3034 eorum,

159 3079 236 3143 quae
259 3068 379 3128 aeterna
401 3071 480 3145 sunt,
503 3065 706 3128 aestimatione
729 3071 876 3130 censetur.

580 3252 750 3320 CAPUT
783 3253 826 3318 Π.

159 3383 232 3449 Quod
249 3384 393 3454 philosophi
413 3384 445 3436 de
463 3384 565 3436 bonesti
583 3390 659 3451 atquc
677 3380 743 3434 utilis
762 3383 942 3450 conparatione
962 3381 1097 3448 disputant,
1117 3380 1166 3432 boc
1182 3381 1248 3447 apud

159 3467 312 3524 Christianos
330 3472 414 3524 locum
432 3486 484 3524 non
502 3471 607 3534 babere,
627 3467 717 3540 quibus
737 3469 797 3533 nibil
816 3468 886 3532 utile,
903 3467 950 3518 nisi
965 3467 1032 3536 qood
1045 3469 1145 3519 iustum.
1177 3465 1248 3530 Quae

158 3558 242 3611 ollicia
267 3559 397 3629 perlecta,
423 3574 521 3630 quaere
547 3555 650 3609 media?
684 3553 796 3609 Easdem
821 3569 900 3608 voces
926 3554 1031 3606 diversis
1057 3555 1156 3606 diverse
1181 3569 1264 3606 οοιι-Ι

157 3647 259 3712 veuim3
287 3655 416 3716 postremo
434 3649 517 3698 virum
534 3647 626 3698 iustum
643 3659 778 3714 numquam
797 3642 880 3696 alieno
903 3641 1064 3694 incommodo
1089 3640 1248 3694 commodum

257 3749 328 3786 aanor
347 3747 480 3804 quaerere,
498 3730 546 3784 aed
566 3738 653 3784 contra
675 3747 778 3800 semper
796 3729 901 3781 aliorum
920 3729 1023 3782 studere
1042 3726 1148 3779 utilit-ati.

246 3850 275 3916 8.
318 3855 355 3920 Et
389 3857 527 3939 quoniam
559 3855 597 3918 de
627 3853 743 3920 duobus
774 3851 976 3936 superioribus
1005 3853 1081 3917 locis
1111 3852 1247 3934 diximus,
1307 3946 1310 3952 1

161 3965 192 4030 in
215 3969 320 4050 quibus
343 3970 501 4036 honestum
523 3969 594 4034 illud
617 3976 648 4032 et
668 3969 742 4044 utile
763 3967 967 4048 tractavimus,
994 3968 1127 4049 sequitur
1151 3972 1247 4030 utrum

230 4210 259 4281 1)
276 4209 348 4265 lioua
367 4209 394 4278 8,
412 4209 445 4263 35
464 4219 491 4263 et
508 4210 549 4265 38.
620 4209 649 4277 2)
667 4209 691 4265 2.
704 4209 762 4266 Coc
781 4207 808 4278 i,
826 4209 843 4264 8
860 4225 940 4282 seqq„

209 4309 369 4362 Auaaosros.
999 4307 1039 4374 12
