2932 4700
169 1733 179 1828 l

185 2172 197 2268 l

198 2461 205 2614 l

235 322 279 386 46
684 319 882 375 SJAMBROSH

235 500 315 544 uuus
337 501 511 546 romonum
532 471 674 546 meorum.
720 484 859 547 Dicturus
877 485 953 547 enim
970 503 1033 549 sum
1049 485 1130 567 quod
1146 504 1207 551 non
1222 488 1330 569 probo,

238 593 293 658 sed
320 595 356 658 ad
385 613 443 660 vos
474 596 703 679 redarguendos
735 596 887 679 proferam
920 616 1075 664 sermones
1109 601 1226 682 iniquos
1233 621 1243 679 3
1281 607 1332 665 aut
1452 613 1453 672 g

238 715 337 790 certe,
373 712 440 792 quia
470 712 508 774 ita
543 717 588 772 est
621 728 745 773 versus:
766 707 795 793 ¹)
832 709 915 785 Quid
947 713 1070 773 aulem?
1114 713 1269 795 Numquid
1291 715 1332 778 ob
1452 729 1453 734 ’

234 825 354 888 bomine
372 827 526 908 aequor?
558 825 616 888 boe
640 831 702 903 est,
736 825 825 889 bomo
848 843 896 887 ure
918 844 977 889 non
1010 834 1108 908 potest
1135 827 1331 913 redarguere,

235 941 303 1022 quia
331 940 468 1021 peccavi,
506 941 562 1002 etsi
591 940 677 1022 argui
707 938 814 1022 diguus
844 958 924 1018 sum,
956 941 1022 1021 quia
1054 960 1113 1004 non
1138 961 1178 1004 ex
1201 942 1332 1007 evidenti

234 1055 321 1136 culpa
343 1073 390 1117 mc
412 1054 553 1137 arguitis,
577 1052 630 1116 sed
647 1073 686 1116 ex
700 1053 815 1115 iniuriis
838 1055 999 1117 aestimatis
1021 1057 1125 1118 merita
1148 1057 1331 1119 delictorum.

235 1168 346 1231 Videas
370 1185 446 1251 ergo
468 1167 600 1229 infirmus
623 1164 776 1229 abundare
800 1167 925 1229 iniustos
948 1169 1138 1232 successibus
1168 1169 1331 1250 prosperis,

234 1300 269 1346 se
293 1289 390 1346 autem
413 1284 517 1360 atteri,
549 1281 619 1360 dicit
648 1281 789 1345 domino:
807 1278 839 1364 ²)
873 1282 1009 1344 Discede
1031 1303 1052 1344 o
1073 1303 1134 1360 me,
1167 1283 1238 1346 cios
1262 1290 1332 1346 tuos

236 1397 320 1458 seire
342 1397 424 1458 uolo.
471 1394 548 1470 Ouid
570 1395 695 1477 prodest
717 1396 784 1476 quia
808 1397 985 1458 servivimus
1006 1396 1080 1477 ipsi,
1104 1402 1153 1458 aut
1176 1414 1253 1478 quae
1269 1397 1331 1458 uli·

233 1508 315 1589 litas,
340 1511 407 1591 quia
431 1511 615 1573 occurrimus
639 1509 721 1591 ipsi?
765 1510 954 1574 inmanibus
986 1528 1088 1574 eorum
1119 1510 1216 1573 omnia
1242 1488 1336 1589 bona,

235 1641 326 1704 opera
348 1629 445 1685 autem
468 1625 623 1704 impiorum
646 1641 707 1686 non
730 1621 818 1685 videt.

321 1734 372 1800 43.
418 1736 567 1800 Laudatur
590 1739 619 1799 in
637 1737 759 1800 Pleione
782 1729 861 1818 quo'd
885 1738 914 1798 in
931 1738 1031 1818 politia
1054 1755 1106 1800 sua
1130 1738 1230 1819 posuit
1252 1755 1329 1816 eum,

234 1852 285 1932 qui
319 1857 422 1915 contra
457 1852 595 1914 iustitiam
627 1848 793 1930 disputandi
825 1857 926 1929 partes
960 1850 1142 1931 recepisset,
1178 1850 1330 1931 postulare

232 1965 351 2026 veniam
374 1964 535 2043 dictorum,
559 1982 636 2043 quae
651 1981 711 2025 non
727 1961 885 2042 probaret,
909 1967 938 2023 et
961 1962 1025 2023 veri
1048 1963 1218 2026 inveniendi
1241 1969 1329 2044 atque

234 2076 450 2141 examinandae
474 2077 682 2159 disputationis
705 2076 800 2158 gratia
822 2075 899 2137 illam
915 2076 971 2138 sibi
991 2077 1148 2157 inpositam
1170 2095 1330 2158 personam

233 2189 343 2255 dicere.
382 2190 469 2266 Quod
489 2208 639 2272 eousque
655 2190 769 2253 Tullius
792 2191 939 2271 probavit,
963 2196 995 2252 ut
1011 2191 1075 2272 ipse
1091 2191 1228 2270 inlibris,
1252 2209 1330 2271 quos
1452 2199 1453 2258 ἶ

233 2306 352 2386 scripsit
375 2306 412 2368 de
435 2325 470 2368 re
493 2306 625 2387 publica,
650 2305 679 2366 in
703 2323 767 2368 eam
791 2306 967 2367 sententiam
991 2303 1147 2368 dicendum
1172 2305 1329 2385 putaverit.
1452 2309 1453 2312 ’

321 2416 371 2482 citi.
418 2419 534 2492 Quanto
570 2418 718 2498 antiquior
740 2416 797 2478 illis
820 2416 888 2495 lob,
922 2417 973 2496 qui
1002 2417 1077 2479 haec
1110 2417 1221 2498 primus
1254 2434 1327 2498 rep-

232 2531 328 2613 perit,
357 2550 414 2594 neo
437 2531 627 2610 eloquentiae
654 2529 853 2610 phalerandae
876 2530 989 2611 gratia,
1021 2528 1076 2592 sed
1098 2530 1229 2593 veritalis
1251 2547 1327 2611 pro-

231 2643 347 2708 bandae
369 2644 582 2726 praemittenda
614 2642 805 2707 existimavit!
851 2643 1013 2724 Statimque
1035 2645 1100 2726 ipse
1122 2644 1326 2724 quaestionem

232 2757 359 2821 enodem
382 2758 519 2838 reddidit,
542 2758 694 2821 subiciens
710 2757 791 2838 quod
807 2758 1014 2839 exstinguatur
1028 2756 1149 2820 lucerna
1172 2757 1327 2839 impiorum

233 2879 264 2935 et
285 2872 383 2935 lutura
405 2873 443 2936 sit
465 2889 568 2935 eorum
592 2871 728 2934 eversio:
745 2866 779 2954 ³)
810 2887 870 2934 non
902 2869 962 2931 falli
984 2868 1071 2932 deum
1098 2867 1250 2932 doctorem
1273 2886 1326 2930 sa-

231 2984 361 3066 pientiae
376 2993 406 3049 et
422 2985 611 3067 disciplinae,
635 2984 689 3048 sed
712 3001 781 3047 csse
804 2983 936 3045 veritatis
959 2981 1102 3061 iudicem3
1126 2988 1156 3044 et
1174 2980 1242 3046 ideo
1265 3001 1325 3047 non

232 3099 395 3162 secundum
432 3098 585 3162 forensem
625 3096 831 3161 abundantiam
870 3093 1079 3157 aestimandam
1116 3094 1325 3160 beatitudinem

231 3210 435 3294 singulorum,
466 3211 520 3276 sed
543 3211 707 3275 secundum
730 3211 902 3272 interiorem
926 3207 1154 3287 conscientiam,
1177 3227 1254 3290 quae
1275 3208 1324 3271 in·

231 3327 401 3389 nocentium
431 3334 460 3390 et
492 3327 707 3410 flagitiosorum
738 3324 842 3387 merita
871 3323 1027 3404 discernit,
1058 3341 1129 3386 vera
1157 3330 1245 3404 atque
1274 3322 1324 3384 in-

232 3445 373 3520 corrupta
395 3457 559 3520 poenarum
580 3438 842 3520 praemiorumque
872 3436 990 3499 arbitra.
1034 3435 1159 3498 Moritur
1170 3437 1324 3499 ‘innocens
1412 3516 1413 3520 Ἰ

231 3547 261 3614 iu
284 3557 431 3632 potestate
453 3553 646 3635 simplicitatis
669 3569 758 3629 suae,
792 3550 821 3613 in
844 3548 1021 3613 abundantia
1052 3549 1191 3630 propriae
1214 3549 1324 3612 voluu-

231 3663 316 3743 tatis,
348 3665 425 3728 siout
446 3666 532 3745 adipe
563 3663 705 3744 repletam
732 3661 855 3725 animam
878 3680 998 3744 gerens.
1015 3658 1047 3744 ⁴)
1092 3661 1130 3724 At
1152 3680 1225 3725 vero
1247 3680 1323 3744 pcc-

232 3781 325 3854 cator‚
350 3777 485 3858 quamvis
509 3774 582 3838 loris
606 3773 745 3853 abundet,
769 3773 883 3837 deliciis
905 3773 1019 3838 diffluat
1042 3781 1071 3840 et
1094 3775 1236 3838 odoribus
1258 3774 1273 3835 l
1304 3807 1322 3824 -

231 3943 435 3956 u--n—-u-

303 4049 331 4121 1)
348 4051 403 4105 lob.
422 4053 484 4106 ibid.
499 4069 523 4107 v.
544 4054 569 4106 4.
640 4053 856 4120 2)1hid.v.1l.
929 4052 958 4121 3)
975 4051 1039 4104 lbid.
1058 4057 1082 4103 v.
1102 4049 1143 4102 lt.
1214 4049 1242 4116 4)
1259 4048 1321 4102 lbid.

232 4136 381 4211 uaem
1066 4167 1068 4177 ·
