2976 4706
398 357 445 413 nn
464 357 601 414 oramus
620 357 842 414 amrsmonuu
860 358 959 414 unna
976 362 995 416 r.
1201 367 1244 433 93

144 523 243 582 autern
270 519 381 602 nostri,
403 525 436 584 ut
453 519 537 585 lesus
556 521 656 600 Nave,
679 520 854 602 Hierobaal,
878 523 1020 602 Samson,
1042 523 1136 588 David
1160 543 1245 588 sum-

143 649 220 696 annrn
243 631 334 694 rebus
357 647 479 713 quoque
502 632 617 696 bellicis
640 632 773 696 retulere
795 633 930 717 gloriam.

236 741 307 809 176.
351 743 405 808 Est
434 744 534 826 itaque
568 742 710 810 tortitudo
739 745 821 808 velut
850 747 1000 811 excelsior
1030 751 1157 832 coleris,
1190 753 1244 815 sed

144 879 305 944 numquam
337 860 505 924 incomitata
540 862 652 938 virtus;
690 879 749 924 nou
786 863 865 924 enim
899 881 934 926 se
968 864 1062 945 ipsam
1095 865 1247 928 committit

145 977 219 1052 sibi;
257 974 388 1055 alioquin
423 973 564 1037 fortitudo
599 976 665 1037 sine
698 975 806 1038 iustitia
839 976 1001 1056 iniquilatis
1034 980 1157 1040 materia
1191 984 1245 1042 ast.

147 1091 214 1163 Ono
239 1087 318 1154 euim
341 1086 467 1150 validior
490 1094 553 1166 est,
576 1105 615 1152 eo
638 1089 819 1169 promptior,
842 1095 874 1151 nt
896 1087 1067 1153 inferiorem
1091 1090 1246 1171 opprimat,

146 1220 213 1266 cum
235 1201 265 1264 in
288 1201 361 1283 ipsis
391 1199 482 1262 rebus
515 1200 627 1264 bellicis
657 1201 733 1264 iusta
761 1201 841 1264 bella
874 1219 911 1265 aa
945 1203 1052 1266 iniusta
1081 1203 1139 1266 sint
1171 1219 1246 1284 spe-

148 1311 286 1376 ctandum
309 1317 437 1394 putetur.

236 1422 308 1489 177.
353 1423 518 1504 Numquam
541 1424 635 1488 David
656 1426 713 1488 nisi
734 1425 890 1490 lacessitus
912 1427 1023 1490 bellum
1045 1429 1149 1491 intulit.
1186 1429 1247 1493 lta·

147 1556 206 1620 que
237 1536 422 1619 prudentiam
452 1536 629 1600 fortitudinis
662 1539 799 1601 comitem
827 1539 926 1602 babuit
950 1541 980 1602 in
1003 1541 1128 1623 proelio.
1173 1541 1247 1604 Nam

147 1657 178 1714 et
199 1650 346 1714 adversus
370 1648 500 1728 Goliam,
524 1650 670 1712 inmanem
694 1650 773 1713 mola
795 1652 932 1731 corporis
955 1653 1068 1732 virum,
1092 1653 1245 1735 singulare
1314 1648 1333 1678 ⁸

148 1769 298 1824 certarnen
332 1760 522 1822 dimicaturus
555 1777 656 1838 arma,
689 1759 796 1839 quibus
832 1767 1026 1844 oneraretur,
1059 1766 1174 1847 respuit
1180 1786 1191 1842 ;
1219 1763 1247 1850 ι)

148 1876 241 1938 virtars
258 1875 336 1937 enim
351 1875 413 1936 suis
429 1874 548 1936 lacertis
570 1873 676 1957 magis,
700 1891 786 1953 quum
810 1874 915 1938 alienis
938 1877 1149 1961 integumentis
1166 1881 1248 1944 inni·

148 1991 226 2052 titur.
271 1987 387 2064 Deinde
410 1987 542 2067 eminus,
566 2005 626 2068 quo
649 1989 772 2069 gravius
794 1986 914 2067 ferbet,
936 1990 995 2052 ictu
1011 1989 1115 2071 lapidis
1130 1991 1248 2056 bostem

147 2103 317 2184 interemit.
348 2101 454 2162 Postea
487 2117 643 2181 numquam
675 2100 732 2162 nisi
766 2102 901 2164 consulto
935 2102 1055 2166 domino
1073 2102 1104 2188 ²)
1139 2105 1248 2169 bellum

148 2215 285 2282 adorsus.
330 2215 401 2279 ldeo
425 2215 454 2276 in
478 2213 615 2280 omnibus
640 2215 735 2276 victor
758 2213 900 2295 proeliis,
924 2215 1081 2294 usquead
1104 2234 1247 2280 summam

149 2335 334 2394 senectutem
357 2346 445 2392 manu
466 2333 638 2409 promptus,
670 2326 748 2389 bello
782 2325 940 2389 adversum
964 2327 1082 2392 Titanas
1108 2337 1247 2412 suscepto

149 2442 302 2506 ferocibus
324 2443 451 2505 bellator
475 2441 653 2504 miscebatur
676 2439 861 2522 agminibus,
886 2440 1002 2522 gloriae
1025 2442 1168 2523 cupidus,
1198 2443 1248 2506 in-

152 2556 290 2619 curiosus
313 2555 425 2618 salutis.
443 2551 476 2637 8)

241 2666 312 2731 178.
358 2668 418 2734 Sed
447 2686 509 2731 non
538 2667 614 2729 haec
647 2665 712 2731 sola
745 2666 899 2746 praeclara
929 2664 1072 2731 fortitudo
1103 2675 1164 2746 est,
1195 2667 1249 2730 sed

151 2782 239 2844 etiam
260 2782 378 2846 illorum
401 2782 563 2866 gloriosam
586 2780 788 2845 fortitudinem
812 2781 986 2862 accipimus,
1013 2781 1063 2862 qui
1084 2800 1139 2863 per
1161 2781 1249 2844 iidem

149 2895 353 2979 magnitudine
386 2869 475 2957 animi
509 2895 735 2958 obstruserunt
768 2893 891 2955 leonum
919 2912 1000 2985 oro,
1029 2895 1252 2956 conticuerunt

149 3010 296 3071 uirtutem
317 3008 412 3088 iguis,
440 3004 614 3088 effugerunt
636 3007 734 3069 aciem
755 3005 868 3085 plodii,
901 3006 1086 3071 evaluerunt
1105 3007 1143 3070 dc
1158 3007 1249 3088 iufir-

151 3123 255 3185 mitota
287 3122 408 3200 sorim
432 3117 465 3202 ⁴)
497 3122 547 3201 qui
578 3137 640 3183 non
676 3119 815 3182 comitatu
846 3127 876 3181 et
904 3119 1074 3202 legionibus
1108 3119 1251 3184 succincti

151 3252 337 3298 communem
360 3250 427 3296 cum
446 3233 544 3296 multis
567 3233 737 3311 victoriam,
761 3230 815 3294 sed
839 3231 917 3294 nudo
940 3233 1050 3296 virtute
1072 3233 1159 3295 anbrri
1183 3233 1250 3294 sin-

151 3348 286 3432 gularem
309 3346 348 3410 de
365 3345 486 3428 perfidis
506 3346 673 3410 retuderunt
695 3343 881 3426 triumphum.
926 3343 1020 3417 Quam
1044 3343 1250 3425 insuperabilis
1296 3397 1301 3433 ἶ

152 3460 273 3540 Daniel,
290 3457 322 3544 ὅ)
355 3461 404 3544 qni
428 3461 509 3524 circa
529 3461 623 3524 latera
646 3477 700 3524 sua
722 3459 877 3542 rugientes
899 3475 961 3522 non
984 3457 1105 3541 expavit
1126 3453 1250 3520 leones!
1296 3462 1300 3550 J
1329 3468 1343 3518 l
1367 3482 1380 3522 a.

155 3572 334 3638 llrmnebant
355 3572 487 3652 bestiae,
509 3577 541 3638 et
562 3573 613 3636 ille
635 3571 816 3654 epulabatur.
1097 3595 1099 3600 ’
1293 3575 1299 3610 ¹

227 3839 254 3905 1)
275 3838 298 3891 1.
316 3839 381 3910 lieg.
400 3838 443 3906 17,
461 3838 496 3890 40
514 3854 585 3908 seqq.
667 3839 696 3904 2)
716 3838 741 3891 2.
760 3839 825 3907 Reg.
845 3837 872 3905 5,
892 3835 924 3888 19
943 3851 1013 3904 seqq.
1095 3833 1124 3900 3)
1143 3834 1168 3887 2.
1186 3833 1250 3903 liog.

155 3924 200 3992 al,
219 3925 252 3978 15
270 3942 341 3997 seqq.
412 3927 442 3996 4)
459 3925 537 3980 Hebr.
557 3923 600 3993 11,
620 3925 654 3980 33
671 3941 725 3996 seq.
797 3924 826 3994 5)
844 3924 910 3978 Dan.
930 3923 972 3990 tl,
991 3921 1033 3976 38.
