2976 4706
220 383 283 452 122
365 383 389 437 S.
408 378 564 439 nonnoso
581 377 627 438 DE
646 381 784 438 omens
805 383 1029 440 ntntstnonun
1046 383 1179 440 tinent

221 542 351 608 stodiont
364 551 395 608 et
410 543 439 606 in
455 543 548 608 corde
567 561 623 608 sno
643 541 809 623 conterent,
832 544 908 608 siout
930 543 1105 636 conterebat
1120 551 1151 608 et
1165 545 1256 610 Morio
1261 567 1270 624 3
1287 543 1316 630 ¹)

219 657 269 739 qui
292 673 365 722 suos
388 662 527 739 parentes
551 654 650 719 officio
674 673 730 718 suo
753 673 813 719 non
837 656 976 718 noverint
998 654 1234 738 praeferendos,
1266 659 1316 737 qui

218 772 381 837 violatores
403 770 534 835 'oderint
568 771 726 850 castitatis,
763 769 922 852 pudicitiae
955 771 1136 834 ulciscantur
1170 771 1315 850 iniuriam,

216 885 357 950 noverint
389 883 556 948 officiorum
590 891 741 967 tempore,
773 885 853 965 quod
887 887 997 964 maius,
1030 884 1111 965 qnod
1145 885 1241 947 minus
1268 886 1315 964 sit,

219 998 300 1081 quod
323 997 371 1061 oui
394 1004 493 1080 optum
517 998 643 1079 tempon'
667 1005 729 1079 est,
757 1004 787 1061 et
808 1005 841 1061 ut
862 998 892 1062 id
915 999 1009 1062 solum
1033 1005 1211 1080 sequentur,
1235 998 1316 1079 qnod

216 1111 375 1176 honestum
398 1117 463 1187 est3
497 1127 571 1172 sone
594 1110 643 1172 ubi
666 1109 727 1173 duo
751 1110 892 1190 honesto,
921 1111 950 1173 id
973 1109 1052 1192 quod
1082 1111 1236 1174 honestius
1260 1117 1315 1191 est,

216 1223 460 1308 praeponendum
484 1231 604 1306 putent:
627 1223 657 1286 hi
680 1225 746 1287 iure
768 1224 926 1288 benedieti.

305 1335 379 1404 259.
424 1338 456 1403 Si
478 1337 543 1419 quis
567 1354 644 1420 ergo
667 1334 836 1398 manifestet
858 1335 982 1399 iustitias
1006 1335 1064 1414 dei,
1087 1335 1241 1397 incensum
1264 1335 1315 1396 in-

216 1457 322 1536 ponet:
339 1447 371 1534 ²)
402 1448 547 1525 Benedic,
579 1449 714 1524 domine,
738 1448 882 1509 virtutem
905 1449 1016 1529 ipsios,
1049 1467 1148 1527 opera
1170 1467 1315 1510 mancum

216 1565 285 1628 cius
313 1563 456 1642 suscipe,
491 1568 523 1624 ut
551 1561 675 1644 gretiam
705 1561 899 1642 propheticae
930 1560 1147 1624 benedictionis
1179 1562 1313 1624 inveniat

217 1677 293 1760 apud
317 1695 400 1755 eum,
423 1675 473 1756 qui
496 1674 569 1737 vivit
590 1680 620 1736 et
641 1681 749 1757 regnet
770 1673 799 1737 in
823 1674 941 1737 saecuto
965 1674 1173 1754 saeculorum,
1206 1673 1312 1736 Amen.

289 1917 317 1986 1)
335 1916 395 1968 Luc.
414 1915 440 1982 2,
460 1915 500 1968 19.
572 1915 601 1983 2)
620 1915 695 1967 Deut.
713 1914 758 1982 33,
779 1914 818 1968 11.
