2932 4700
361 357 406 415 Dii
425 356 562 414 omens
580 356 806 416 immobili!
823 357 919 416 amaa
936 361 956 416 1.
1163 361 1207 430 43

116 528 245 607 negent,
270 521 351 604 quod
374 520 528 588 custodiae
550 525 596 584 est
616 529 793 601 exerceant,
823 524 928 604 utqui
950 523 980 588 in
997 521 1118 605 specula
1141 528 1209 586 sunt

115 635 298 718 speculando
321 637 489 718 intendant,
520 655 581 702 non
603 636 788 701 dormiendo.
833 636 937 703 Omnis
960 640 1037 702 enim
1057 655 1108 701 res
1132 655 1208 719 pro-

114 751 188 833 priis
211 769 246 814 ao
268 750 438 816 domesticis
460 753 612 816 exercitiis
633 759 770 834 augetur.

203 861 254 930 34.
297 865 380 948 Ergo
403 866 498 930 David
521 867 637 930 tacebat
659 883 719 930 non
741 883 878 948 semper,
902 867 957 931 sed
979 887 1034 950 pro
1057 873 1208 949 tempore;

115 995 176 1042 non
208 979 333 1062 iugiter,
362 999 461 1062 neque
493 981 648 1060 omnibus,
677 978 732 1044 sed
762 981 890 1044 innitenti
913 981 1102 1061 adversario,
1133 999 1210 1063 pro-

114 1093 234 1156 vocanti
256 1095 406 1174 peccatori
429 1113 490 1158 non
511 1093 722 1176 respondebat.
766 1093 818 1174 Et,
841 1095 917 1159 sicut
938 1097 1007 1160 aiibi
1030 1096 1086 1175 ait,
1106 1092 1136 1178 ¹)
1159 1096 1210 1158 io-

115 1215 242 1289 quentcs
274 1209 432 1272 vanitatem
465 1215 494 1272 et
522 1209 690 1292 cogitantes
718 1207 817 1272 dolum
847 1227 908 1272 non
937 1209 1092 1290 audiebat,
1125 1210 1210 1290 quasi

12 1345 13 1356 ¹
115 1321 224 1385 surdus
255 1327 286 1386 et
315 1323 401 1404 quasi
432 1328 530 1387 mutus
553 1340 613 1388 non
645 1323 797 1405 aperiebat
818 1322 874 1386 iilis
897 1341 933 1387 os
956 1343 1060 1403 suum,
1091 1324 1158 1405 quia
1181 1331 1211 1386 et

115 1434 185 1498 aiibi
206 1435 316 1500 habes:
333 1432 366 1519 ¹²)
400 1435 474 1499 Noti
495 1437 687 1516 respondere
710 1438 891 1516 imprudenti
914 1440 958 1502 od
979 1439 1211 1518 inprudentiam

117 1549 203 1627 cius,
226 1569 264 1612 ac
280 1550 399 1635 „similis
421 1551 470 1614 tut
490 1553 560 1631 fias.

204 1659 255 1724 35.
299 1664 426 1727 Primum
458 1665 549 1748 igitur
578 1663 707 1728 officium
738 1672 786 1728 est
816 1665 959 1747 loquendi
989 1665 1103 1730 modus.
1148 1666 1212 1729 ilco

117 1775 292 1840 sacrificium
308 1777 403 1842 laudis
420 1778 478 1842 deo
494 1778 679 1862 dependitur,
695 1780 754 1844 boc
769 1782 938 1844 reverentia
958 1781 1123 1861 exhibetur,
1146 1799 1212 1844 cum

116 1891 282 1971 scripturae
313 1890 429 1956 divinae
462 1892 618 1977 leguntur,
652 1893 710 1956 boc
742 1894 927 1958 honorantur
948 1902 1097 1976 parentes.
1143 1894 1211 1960 Scio

116 2004 200 2084 ioqui
235 2004 418 2086 plerosque,
455 2024 522 2068 cum
559 2015 660 2070 tacere
697 2008 840 2071 nesciant.
892 2007 1000 2070 Rarum
1034 2015 1080 2071 est
1112 2016 1212 2071 tacere

117 2138 312 2202 quemquam,
344 2139 410 2184 cum
432 2122 572 2185 sibinen
594 2123 689 2204 prosit
712 2122 801 2203 loqui.
847 2122 987 2203 Sapiens,
1011 2129 1043 2184 ut
1064 2122 1212 2203 loquatur,

117 2233 207 2298 multa
231 2234 313 2314 prius
345 2234 531 2314 considerat,
562 2235 634 2315 quid
658 2234 735 2298 dicat
758 2241 788 2296 et
810 2237 858 2298 cui
881 2233 975 2313 dicat,
1009 2253 1069 2316 quo
1092 2235 1121 2297 in
1144 2235 1211 2296 loco

117 2353 147 2410 ot
169 2353 312 2429 tempore.
357 2347 410 2412 Est
432 2367 508 2432 ergo
525 2355 556 2411 et
570 2349 687 2411 tacendi
703 2356 732 2411 et
747 2346 889 2430 loquendi
910 2347 1034 2425 modus;
1058 2356 1104 2412 est
1126 2349 1213 2411 etiam
1304 2377 1306 2384 v

119 2459 188 2526 iacti
210 2459 325 2528 modus.
371 2462 528 2526 Pulchrum
552 2463 643 2546 igitur
665 2469 769 2528 tenere
792 2479 961 2526 mensuram
985 2461 1082 2526 officii.

533 2733 710 2801 CAPUT
736 2733 796 2800 XI.

119 2900 235 2954 Officium
264 2917 340 2953 omne
367 2908 410 2952 aut
437 2899 547 2952 medium
573 2907 615 2951 aut
641 2899 782 2967 perfectum
810 2913 868 2953 esee
894 2902 1036 2970 scripturae
1063 2901 1215 2953 testimoniis

120 2991 277 3055 ostenditur3
304 2991 344 3040 cui
370 2987 530 3056 subiungitur
556 2989 744 3040 misericordiae
770 2988 825 3040 laus
843 2995 919 3058 atque
938 2989 970 3041 ad
993 3005 1047 3041 eam
1066 2987 1214 3041 exhortatio.

211 3147 263 3216 36.
309 3150 445 3214 Officium
468 3158 564 3215 autem
588 3167 677 3213 omne
700 3156 749 3212 aut
771 3149 898 3214 medium
919 3156 969 3214 aut
983 3149 1145 3233 perfectum
1161 3156 1215 3228 cst,

121 3263 202 3346 quod
224 3283 320 3346 aeque
342 3266 555 3347 scripturarum
587 3265 763 3328 auctoritate
790 3266 918 3347 probare
941 3282 1108 3346 possumus.
1152 3263 1215 3327 Ha-

120 3382 227 3444 bemus
258 3381 368 3444 etenim
401 3381 430 3443 in
460 3379 617 3464 evangetio
650 3380 762 3443 dixisse
791 3379 958 3444 dominum:
974 3376 1006 3461 ³)
1040 3373 1074 3439 Si
1103 3377 1152 3439 cia
1184 3377 1217 3438 im

122 3495 218 3558 citam
240 3504 402 3558 oeternum
423 3496 546 3574 venire,
573 3515 666 3558 seraa
689 3495 847 3558 mandato.
892 3495 984 3558 Dicit
1005 3494 1075 3555 ilie:
1105 3491 1216 3567 Once?
1256 3475 1261 3482 ’

122 3611 213 3674 lesus
236 3619 335 3674 cutem
358 3612 442 3674 dicit
464 3612 529 3674 illi:
561 3611 631 3673 Non
657 3610 856 3672 homicidium
884 3606 1002 3686 socies,
1031 3625 1093 3669 nom
1124 3606 1216 3668 udul-

124 3725 259 3802 tercbis,
291 3745 356 3788 non
377 3724 478 3803 socies
498 3727 632 3807 furtum,
664 3744 728 3788 non
749 3723 866 3803 solcum
890 3721 1096 3785 testimonium
1119 3722 1216 3801 dices,

123 3841 246 3904 homero
264 3847 387 3920 patrem
408 3849 439 3902 et
459 3848 606 3916 matrem,
630 3849 661 3901 et
681 3820 791 3919 dilipes
812 3836 990 3916 procimnm
1014 3843 1113 3913 tuum,
1136 3837 1219 3898 sicut

124 3962 154 4016 te
176 3955 286 4034 ipsum.
332 3953 412 4018 Haec
434 3959 503 4016 sunt
524 3950 620 4015 media
644 3950 759 4029 officie,
783 3949 889 4030 quibus
912 3946 1021 4028 aliquid
1045 3946 1137 4010 deest.

194 4193 225 4271 i)
243 4190 283 4246 Pt-
302 4191 346 4260 ³⁷,
365 4191 397 4254 1³.
415 4209 469 4266 ten·
539 4145 574 4266 2)Ι
586 4191 660 4254 ton.
679 4189 723 4266 26,
741 4190 766 4249 t.
837 4189 865 4264 3)
884 4163 969 4247 Marti.
992 4188 1035 4258 ts,
1056 4188 1089 4244 1⁷
1108 4203 1162 4272 seq.
