2932 4700
390 411 436 465 uu
455 407 591 464 ornans
610 405 987 462 mnrsnonouunsnu
1195 409 1236 476 35

232 567 281 635 11.
326 569 363 634 Et
394 571 458 651 oui,
493 571 550 634 nisi
583 571 743 654 unicuique
776 575 910 634 nostrum
944 567 1085 650 scriptum
1119 575 1182 633 est:
1210 565 1238 653 ¹)

144 686 239 765 Saepi
257 686 486 766 possessionem
509 692 592 748 mam
613 687 724 766 spinis,
749 691 778 746 at
799 692 958 764 arpentum
980 689 1009 744 et
1030 701 1139 746 aarum
1157 691 1242 747 taam

143 801 251 881 cllipc,
274 807 304 862 et
327 800 376 863 ori
400 809 453 863 tao
475 799 531 878 sac
556 800 666 864 ostiam
689 807 719 862 et
739 807 855 861 rectem
877 807 906 860 et
927 798 1031 860 cardis
1054 799 1115 860 tais
1137 797 1241 879 lapsam

144 922 173 976 at
194 915 368 977 stateram?
412 914 569 977 Possessio
592 921 642 977 tua
673 932 757 978 mens
780 920 828 977 tua
853 918 914 992 est,
945 931 1048 976 aurum
1078 920 1159 976 tuum
1188 930 1242 978 cor

143 1034 224 1091 mum
258 1035 319 1109 est,
355 1035 511 1112 argentum
546 1036 627 1093 tuurn
663 1029 812 1110 eloquium
843 1034 924 1092 tuum
955 1034 1017 1092 est:
1041 1025 1073 1112 ²)
1107 1027 1269 1109 Eloquia,

145 1141 263 1205 domini
294 1142 419 1222 eloquia
452 1151 558 1219 costa,
594 1149 755 1223 arpentum
786 1143 857 1223 ipae
889 1141 1107 1204 acuminatam.
1160 1141 1243 1206 Bona

147 1257 232 1320 etiam
256 1256 412 1338 possessio
436 1273 520 1318 mens
542 1255 630 1318 bona.
668 1253 806 1335 Denique
827 1255 981 1338 possessio
1004 1255 1136 1336 pretiosa
1153 1254 1242 1319 borno

146 1368 281 1433 mundus.
319 1369 407 1450 saepi
431 1386 506 1452 ergo
529 1368 606 1430 banc
627 1367 853 1450 possessionem
873 1373 903 1429 et
918 1368 1138 1432 circumvallato
1154 1369 1243 1452 cogi-

146 1482 326 1560 tationibus,
355 1482 467 1545 munito
497 1481 590 1562 spinis
620 1481 842 1559 sollicitudinis,
873 1499 912 1543 ne
934 1481 965 1542 in
988 1500 1053 1544 earn
1076 1483 1194 1546 inruant
1214 1490 1245 1546 et

145 1596 289 1678 captivam
315 1593 423 1658 ducant
445 1595 668 1658 inrationabiles
693 1594 829 1676 corporis
851 1595 1016 1675 passiones,
1038 1613 1077 1659 ne
1093 1597 1245 1659 incursent

146 1715 243 1792 motus
267 1727 395 1791 graves,
418 1727 457 1772 ne
480 1707 618 1790 diripiant
640 1707 818 1770 vindemiam
841 1709 923 1789 eius,
945 1715 1135 1772 transeuntes
1158 1711 1244 1774 viam.

148 1821 270 1885 Custodi
304 1821 477 1883 interiorem
508 1819 657 1882 bominem
691 1826 780 1883 tuum.
834 1820 903 1883 Noli
938 1841 1005 1884 eum
1037 1823 1122 1903 quasi
1156 1825 1245 1888 vilem

147 1935 313 2018 neglegere
336 1953 370 1996 ac
393 1933 542 2013 fastidire,
567 1935 635 2015 quia
657 1937 787 2016 pretiosa
811 1937 965 2017 possessio
988 1944 1052 2013 est3
1085 1946 1116 2000 et
1138 1940 1243 2002 merito

148 2049 288 2132 pretiosa,
312 2049 395 2111 ouius
419 2047 533 2111 iructus
556 2067 617 2111 non
642 2049 771 2112 caducus
794 2057 825 2112 et
847 2051 1035 2130 temporalis,
1058 2051 1113 2115 sed
1135 2053 1245 2115 stabilis

148 2169 236 2244 atque
261 2168 401 2225 aeternae
424 2159 528 2224 salutis
551 2166 604 2223 est.
651 2160 723 2224 Coie
747 2178 822 2243 ergo
846 2161 1070 2243 possessionem
1092 2170 1188 2242 tuam,
1212 2169 1246 2226 ut

149 2277 208 2339 sint
229 2276 281 2339 tibi
306 2278 380 2359 agri.

240 2387 288 2454 12.
334 2387 433 2471 Alliga
456 2405 626 2452 sennonem
650 2395 741 2468 tuum,
765 2408 804 2452 ue
826 2389 975 2470 luxuriet,
997 2410 1037 2452 ne
1059 2390 1194 2453 lasciviat
1215 2396 1245 2453 et

150 2503 337 2584 multiloquio
360 2508 483 2584 peccata
506 2503 562 2564 sibi
585 2501 716 2586 colligat.
763 2502 806 2568 Sit
835 2505 1001 2568 restrictior
1032 2513 1062 2569 et
1088 2505 1160 2587 ripis
1183 2504 1245 2567 suis

151 2622 336 2680 coerceatur.
382 2614 447 2678 Gito
470 2616 562 2679 lutum
586 2616 701 2700 colligit
725 2619 817 2682 amnis
840 2621 1005 2683 exundans.
1049 2618 1148 2703 Alliga
1170 2637 1245 2682 sen-

151 2748 218 2792 surn
239 2736 321 2792 tuum
329 2748 339 2805 3
367 2746 427 2790 non
450 2730 489 2790 sit
510 2729 653 2792 remissus
676 2749 711 2793 ao
735 2730 865 2810 defluus,
889 2751 929 2795 ne
952 2733 1066 2797 dicatur
1089 2733 1126 2796 de
1148 2738 1195 2796 te:
1212 2729 1245 2818 ³)

149 2843 224 2906 Non
247 2851 294 2916 ast
315 2843 471 2921 molapmc
493 2843 655 2920 adponere
673 2863 770 2925 cepae
787 2845 897 2924 oleam,
921 2866 1019 2927 neque
1035 2847 1244 2928 ollipoturcm.

149 2956 249 3020 Habet
271 2972 341 3019 suas
365 2955 496 3019 habenas
519 2957 625 3019 mentis
647 2958 803 3038 sobrietas,
827 2959 933 3041 quibus
951 2962 1066 3045 regitur
1081 2969 1111 3025 et
1126 2963 1244 3045 guber-

150 3075 247 3132 natur.

244 3181 292 3247 13.
338 3183 381 3247 Sit
411 3184 456 3246 ori
484 3190 536 3247 tuo
567 3185 691 3265 ostium,
723 3191 756 3248 ut
777 3185 945 3266 claudatur,
976 3189 1027 3252 ubi
1050 3195 1183 3271 oportet,
1216 3195 1246 3252 et

151 3299 311 3363 obseretur
341 3296 528 3378 diligentius,
560 3314 600 3358 ne
629 3297 695 3378 quis
726 3298 755 3359 in
786 3298 967 3362 iracundiam
999 3301 1109 3362 excitet
1137 3317 1245 3362 vocem
1333 3285 1340 3302 ⁸

151 3421 249 3491 mam,
281 3419 310 3476 et
341 3409 547 3476 contumeliam
576 3411 725 3493 rependas
757 3412 962 3476 contumeliae.
1005 3411 1124 3476 Audisti
1154 3411 1245 3476 hodie

150 3527 276 3590 lectum:
294 3522 327 3610 ⁴]
350 3526 531 3588 Irascimini
555 3535 585 3588 et
606 3527 704 3590 nolite
724 3545 867 3605 paccare.
911 3525 993 3609 Ergo
1010 3527 1065 3590 etsi
1080 3527 1243 3607 irascimur,

152 3641 221 3720 quia
244 3638 369 3703 allectus
396 3646 522 3702 naturae
550 3646 613 3718 est,
646 3657 707 3704 non
735 3642 908 3722 potestatis;
940 3641 1045 3704 malum
1075 3659 1245 3704 sermonem

150 3771 215 3816 nou
243 3753 431 3836 proferamus
455 3751 493 3815 de
517 3770 571 3816 ore
594 3759 716 3832 nostro,
747 3772 786 3816 ne
816 3755 846 3816 in
877 3755 991 3836 culpam
1020 3771 1158 3835 ruamus,
1190 3754 1244 3818 sed

150 3867 255 3950 iupurn
276 3867 315 3931 sit
336 3866 438 3930 verbis
461 3865 519 3929 tuis
543 3873 573 3928 et
594 3871 714 3946 statera,
735 3867 793 3929 boc
810 3873 865 3944 est,
888 3867 1035 3930 humilitas
1051 3875 1140 3951 atqua
1155 3887 1244 3931 men-

151 3998 243 4061 sura,
273 3985 306 4043 ut
333 3980 433 4064 lingua
461 3985 512 4043 tua
538 3981 629 4043 menti
651 3978 767 4044 subdita
790 3981 835 4042 sit.
880 3981 1087 4066 Restringatur
1108 3983 1243 4048 habenae

225 4219 255 4292 1)
273 4219 525 4294 siracusanum.
578 4221 763 4292 2)Ρι.11,7.
817 4220 847 4290 3)
864 4221 948 4278 llesai.
962 4224 987 4290 1,
999 4224 1024 4279 6.
1078 4224 1107 4292 l)
1126 4225 1165 4278 l’s.
1179 4224 1204 4291 4,
1217 4224 1241 4276 5.

980 4318 1036 4386 gc
