2932 4700
202 354 246 421 aa
705 349 783 408 rna

203 511 319 594 ceperit
341 510 428 574 etiam
458 509 592 575 coelibes
623 511 798 576 sacerdotes
827 514 877 577 vel
904 513 1025 595 levitas,
1059 516 1165 598 quibus
1196 519 1297 600 portio

204 626 277 690 deus
301 629 363 702 est,
378 619 408 707 Ι)
430 630 463 686 ut
483 622 561 685 illam
584 623 672 688 eliam
688 624 744 705 ipsi
763 624 910 706 adpetant.
949 625 985 689 Et
1005 643 1061 690 vae
1083 625 1153 690 mihi
1175 629 1297 708 misero,

204 736 272 818 quia
294 753 351 799 nec
373 734 432 798 bne
455 734 556 798 muudi
577 753 794 816 provocamur,
817 742 849 798 ut
863 742 920 799 tam
943 739 1029 820 gravi
1052 741 1124 824 iugo
1147 742 1296 804 servitutis

203 848 322 913 liberari
347 848 488 928 velimus,
518 848 598 930 quod
628 848 777 932 demergit
798 867 894 932 usque
918 850 954 914 ad
976 851 1156 932 probandum
1178 853 1297 934 inleml,

204 969 236 1026 ut
260 962 401 1026 faciamus
424 963 510 1028 uobis
533 965 650 1027 amicos
673 965 712 1027 de
734 983 907 1029 mammona
935 966 1130 1048 iniquitatis,
1167 968 1220 1049 qui
1240 987 1298 1031 ooo

205 1078 360 1158 rccipiunt
389 1077 422 1138 iu
455 1084 585 1140 aeterua
618 1078 830 1143 tabernaculo.
846 1075 879 1163 ²)
931 1079 1068 1144 Attamen
1100 1082 1205 1145 beatus
1239 1082 1298 1162 illc,

207 1192 257 1273 qui
280 1191 460 1273 quandoque
482 1210 646 1257 conversus
671 1193 809 1275 disruptis
831 1194 956 1258 vinculis
972 1201 1059 1277 atque
1077 1196 1210 1277 proiecto
1226 1197 1299 1280 iugc

206 1303 373 1368 huiusmodi
403 1303 628 1385 dominationiS,
662 1305 776 1368 tenebit
798 1314 828 1368 ct
849 1305 957 1368 allidet
974 1307 1129 1385 pervoles
1158 1307 1225 1370 etus
1259 1307 1301 1372 od

202 1427 342 1500 petrum,
359 1414 391 1502 ³)
421 1417 480 1482 boc
503 1425 566 1498 est,
597 1436 701 1484 omnes
730 1419 910 1483 intentiones
940 1421 1005 1483 eius
1028 1418 1128 1482 albdet
1151 1420 1187 1482 ad
1211 1419 1300 1484 chri-

207 1539 301 1612 stum,
330 1530 380 1614 qui
402 1532 565 1598 secundum
587 1535 755 1617 apostolum
778 1541 863 1617 petre
886 1539 949 1616 εει,
980 1553 1057 1617 quae
1080 1551 1183 1599 omnes
1207 1534 1300 1600 adse

207 1645 308 1710 allisos
338 1646 494 1727 interimit,
524 1647 588 1730 ipsa
618 1648 796 1712 inviolabilis
818 1667 958 1730 manens,
993 1667 1051 1712 nec
1073 1668 1157 1712 reum
1187 1648 1299 1713 faciens

208 1777 291 1839 eum,
325 1761 376 1841 qui
398 1759 435 1824 ad
463 1780 498 1826 se
528 1763 651 1826 alliserit
679 1765 853 1845 nequissimi
883 1765 961 1828 uteri
992 1764 1158 1829 deteriores
1188 1772 1299 1848 partus,

208 1872 263 1938 scd
291 1874 496 1956 innocentem,
528 1877 567 1940 ita
595 1883 628 1940 ut
658 1895 784 1942 securus
814 1879 910 1960 possit
943 1877 1060 1942 dicere:
1096 1879 1203 1942 Portic
1233 1899 1301 1942 meo

208 1989 366 2066 domiuus,
384 1985 416 2072 ⁴)
448 1990 516 2071 quia
546 1990 594 2054 cui
623 1991 695 2054 nihil
721 1993 751 2054 io
782 1992 903 2056 saeculo
934 2000 996 2072 est,
1030 1992 1070 2055 illi
1101 2011 1175 2056 vere
1203 1995 1301 2075 portio

209 2102 344 2168 Christus
367 2110 430 2183 εει,
460 2111 490 2168 ει
512 2107 562 2186 qui
585 2108 797 2189 contempserit
824 2126 917 2189 parva
943 2107 1032 2170 multa
1061 2108 1221 2188 percipiet,
1251 2110 1302 2171 in-

208 2235 299 2300 super
321 2223 352 2280 et
373 2218 463 2282 vitam
485 2226 638 2284 aeternam
660 2222 833 2302 possidebit.
852 2219 884 2306 ⁵)

297 2327 348 2396 ta.
394 2331 473 2396 Ante
503 2352 617 2414 paucos
647 2353 722 2400 vero
755 2335 820 2398 dies
852 2353 938 2417 quam
968 2333 1078 2398 lectulo
1110 2333 1302 2414 detineretur,

210 2463 276 2507 cum
306 2444 564 2527 quadragesimum
594 2446 713 2508 tertium
743 2447 887 2529 psalmum
920 2447 1060 2527 dictaret,
1101 2465 1148 2508 mc
1180 2453 1210 2508 ει
1244 2465 1304 2510 cx-

211 2557 339 2639 ciplente
363 2565 393 2620 et
416 2558 536 2622 vidente
559 2559 657 2621 subito
679 2560 709 2621 in
737 2560 854 2624 modum
877 2561 953 2623 scuti
982 2560 1085 2624 brevis
1114 2560 1193 2643 ignis
1215 2566 1305 2642 caput

211 2673 275 2734 eius
299 2671 456 2753 cooperuit
479 2677 566 2753 atque
588 2672 727 2755 paulatim
742 2691 796 2755 per
812 2691 847 2736 οε
862 2673 955 2755 ipsius
979 2679 1126 2754 tamquam
1140 2674 1171 2735 in
1187 2672 1305 2749 domum

210 2786 356 2850 habitator
379 2787 533 2870 ingressus
557 2794 621 2866 εει,
654 2794 723 2869 post
746 2787 827 2869 quod
850 2787 927 2852 lacta
950 2793 997 2851 εει
1019 2787 1113 2851 iacies
1137 2787 1201 2850 eius
1225 2795 1303 2849 tam-

212 2917 299 2980 quam
322 2899 391 2978 nix3
423 2907 528 2982 postea
558 2919 632 2964 vero
661 2918 805 2965 reversus
830 2909 875 2964 est
896 2900 995 2963 vultus
1026 2900 1090 2963 eius
1114 2899 1151 2962 ad
1174 2901 1305 2980 speciem

213 3031 305 3078 suam.
344 3014 430 3088 Quod
447 3034 512 3078 cum
529 3015 631 3095 beret,
654 3023 778 3097 stupore
800 3032 963 3098 percussus
986 3015 1122 3098 obrigui,
1143 3031 1200 3075 nec
1222 3013 1305 3094 potui

213 3128 346 3192 scribere
370 3145 446 3211 quae
469 3129 505 3192 ab
528 3129 578 3193 illo
603 3130 792 3210 dicebantur,
824 3132 879 3194 nisi
901 3136 1006 3212 postea
1029 3147 1117 3210 quam
1141 3127 1216 3190 visio
1242 3129 1306 3208 ipse

213 3242 364 3320 transivlt3
400 3241 515 3305 dicebat
537 3243 615 3306 enim
638 3244 825 3327 intempore
848 3243 1046 3306 testimonium
1070 3243 1234 3324 scripturae
1257 3237 1309 3304 di-'

215 3356 319 3436 vinae,
343 3355 424 3438 quod
440 3375 500 3442 ego
516 3360 626 3440 optime
647 3360 820 3422 retinebam.
858 3359 932 3422 Nam
946 3356 1098 3422 scribendi
1113 3357 1162 3422 vel
1180 3354 1308 3418 dictandi

213 3469 279 3552 ipso
303 3471 351 3533 dic
373 3470 460 3534 linem
491 3471 577 3552 lecit,
612 3473 760 3556 siquidem
788 3475 884 3556 ipsum
914 3473 1059 3556 psalmum
1091 3471 1215 3552 explere
1246 3487 1307 3534 non

214 3583 317 3664 potuit.
362 3583 428 3668 Ego
458 3583 601 3666 veroid,
634 3585 714 3667 quod
744 3605 760 3648 a
791 3605 839 3650 me
868 3587 963 3648 visum
995 3584 1107 3663 luerat,
1140 3580 1309 3645 honorabili

153 3749 155 3754 ,
215 3699 281 3762 viro
306 3697 394 3764 Casto
427 3700 571 3784 diacono,
605 3703 659 3765 sub
682 3703 765 3765 cuius
788 3719 859 3764 cura
888 3700 1053 3784 degebam,
1085 3697 1180 3761 statim
1205 3694 1308 3772 retuli3

217 3811 318 3874 atille
340 3813 472 3894 repletus
494 3816 589 3898 gratia
612 3814 661 3878 del
683 3815 803 3896 spiritus
829 3814 922 3877 sancti
951 3811 1110 3874 adventum
1132 3826 1180 3870 me
1202 3808 1231 3869 in
1254 3806 1307 3870 illo

218 3907 329 3986 vidisse
353 3925 453 3991 docuit
474 3929 603 3992 lectione
627 3934 742 3991 actuum
765 3928 976 4009 apostolorum.

288 4076 318 4146 1)
336 4077 508 4148 lleut.18,2.
580 4083 779 4155 2)tue16,a.
849 4083 877 4155 3)
897 4081 987 4138 Psalm.
1003 4078 1062 4148 136,
1077 4077 1101 4130 9.
1171 4074 1199 4144 4)
1217 4072 1307 4130 Pselm.

221 4161 279 4232 118,
298 4164 340 4219 57.
411 4168 441 4240 5)
458 4169 545 4226 ldatth.
566 4172 609 4241 ta,
627 4173 669 4230 29.
1388 4175 1392 4180 ’
