2976 4706
221 369 284 434 pm
667 357 868 414 smmm

219 527 289 590 lidai
310 541 383 590 suae
405 522 537 604 tegmine
544 542 553 597 ;
587 527 617 582 et
645 527 676 584 tu
706 518 858 584 mediocre
889 525 991 602 putas,
1023 518 1103 600 quod
1127 521 1317 584 commissum

220 636 364 700 esttibi?
408 635 534 696 Primum
565 639 596 695 ut
627 633 684 696 alta
716 632 765 696 dei
794 631 915 712 videas,
949 632 1029 713 quod
1061 638 1106 694 est
1135 635 1318 716 sapientiae;

219 749 327 814 deinde
359 754 390 812 ut
422 749 564 811 excubias
595 765 649 829 pro
680 747 792 828 populo
825 745 961 824 deieras,
997 745 1077 827 quod
1107 752 1152 808 est
1175 746 1301 810 iustitiae
1309 768 1318 823 3

217 871 314 928 castra
338 861 482 924 defendas
505 861 789 940 tabernaculumque
811 862 933 940 tuearis,
957 861 1037 941 quod
1055 866 1100 922 est
1117 858 1316 934 fortitudinis;

217 979 364 1058 teipsum
389 975 588 1039 continentem
613 993 648 1038 ac
670 976 800 1039 sobrium
824 984 979 1057 praestes,
1012 973 1092 1057 quod
1124 982 1169 1037 est
1196 979 1315 1056 tempe-

216 1090 340 1152 rantiae.

304 1199 375 1266 252.
422 1201 502 1262 llaec
521 1153 659 1261 viriatum
678 1214 791 1280 genera
807 1195 979 1278 principalia
995 1196 1213 1259 constituerunt
1230 1199 1317 1260 etiam

216 1312 255 1392 hi,
279 1313 331 1392 qui
354 1310 428 1373 ioris
451 1315 528 1387 sunt,
552 1308 607 1370 sed
623 1308 840 1370 communitatis
857 1307 1044 1388 superiorem
1061 1309 1206 1389 ordinem,
1229 1329 1319 1391 quam
1385 1389 1387 1395 Ι

216 1425 382 1506 sapientiae
405 1423 619 1498 iudicaverunt,
644 1439 709 1483 cum
730 1421 874 1501 sapientia
896 1420 1118 1485 fundamentum
1138 1423 1186 1502 sit,
1209 1425 1317 1488 iustitia

217 1555 292 1619 opus
315 1538 370 1617 sit,
398 1535 479 1616 quod
502 1552 624 1598 manere
647 1553 708 1598 nou
731 1541 850 1616 potest,
879 1535 934 1597 nisi
958 1534 1179 1600 laudamentum
1202 1537 1317 1600 habeat

216 1649 448 1713 Fundamentum
471 1653 568 1711 autem
592 1647 725 1711 Christus
750 1657 804 1711 est.
824 1646 855 1732 ¹]

305 1759 387 1828 253,
422 1763 517 1825 Prima
541 1780 616 1845 ergo
640 1763 723 1841 fides,
748 1782 825 1844 quae
849 1771 895 1827 est
918 1763 1100 1844 sapientiae,
1124 1770 1156 1825 ut
1179 1761 1317 1828 Salomon

218 1876 307 1956 dixit,
325 1874 357 1960 ²)
389 1883 509 1938 secutus
539 1880 670 1955 patrem:
702 1874 827 1937 Initium
858 1874 1035 1953 supientiae
1066 1875 1159 1936 timor
1190 1874 1317 1936 domini.

216 1989 252 2053 Ει
275 1990 326 2052 lex
349 1990 435 2051 dicit:
452 1986 484 2072 ³]
507 1988 629 2067 Dilipeo
651 1990 808 2051 dominum
831 1990 921 2052 dcam
944 1997 1046 2064 tuum,
1071 1988 1182 2068 dilipos
1202 1989 1316 2066 proci-

216 2123 296 2165 mum
318 2111 409 2166 tuum.
446 2103 602 2165 Pulchrum
625 2107 671 2164 est
693 2103 783 2185 igitur
805 2108 837 2165 ut
859 2102 983 2186 gratiam
1007 2108 1085 2164 tuam
1108 2108 1197 2182 atque
1220 2101 1318 2165 cilicia
1352 2099 1355 2107 “

216 2217 246 2280 in
280 2217 452 2280 societatem
486 2215 604 2278 humani
639 2216 762 2296 generis
797 2215 947 2277 conseras.
995 2213 1054 2279 Sed
1088 2214 1213 2295 primurn
1246 2213 1317 2275 illud

218 2331 371 2408 decorum,
393 2335 425 2390 ut
446 2329 524 2408 quod
542 2329 634 2391 habes
650 2329 908 2410 pretiosissimum,
931 2328 990 2391 hoo
1006 2335 1060 2407 est,
1084 2332 1212 2389 mentem
1227 2334 1316 2406 tuam,

218 2447 274 2524 qua
290 2443 361 2504 nihil
379 2441 472 2503 habes
487 2440 696 2521 praestantius,
721 2440 779 2502 deo
797 2439 931 2520 deputes.
970 2440 1042 2502 Cum
1057 2440 1186 2503 solveris
1202 2441 1317 2503 auctori

218 2554 366 2632 debitum,
399 2553 468 2615 licet
501 2557 532 2612 ut
563 2568 654 2631 opera
687 2557 736 2614 tua
769 2553 798 2613 in
830 2539 1057 2615 beneficentiam
1090 2561 1120 2615 et
1150 2551 1317 2615 adiumenta

217 2667 366 2730 hominum
390 2664 529 2727 conseras
554 2670 643 2743 atque
666 2681 754 2744 opem
778 2663 857 2725 laras
881 2666 1109 2728 necessitatium
1126 2673 1176 2727 aut
1191 2666 1316 2747 pecunia

218 2786 268 2842 aut
290 2776 390 2841 ollicio
414 2778 574 2840 autetiam
597 2795 787 2857 quocumque
810 2795 951 2857 munere,
984 2778 1064 2859 quod
1092 2778 1150 2840 late
1180 2786 1260 2861 patet
1288 2781 1317 2841 in

219 2896 320 2953 vestro
343 2889 522 2952 ministerio:
547 2889 683 2970 pecunia,
708 2896 740 2951 ut
762 2889 940 2966 subvenias;
967 2890 1076 2970 debito,
1100 2900 1132 2954 ιιι
1155 2893 1318 2974 obligatum

217 3004 345 3078 liberes,
382 3001 499 3080 ollicio,
529 3010 561 3064 ιιι
584 3003 731 3064 servanda
755 3005 917 3085 suscipias,
949 3023 1025 3085 quae
1049 3013 1159 3072 metuat
1182 3009 1318 3070 amittere

220 3116 269 3196 qui
293 3117 468 3198 deponenda
492 3115 626 3179 credidit.

306 3227 378 3293 254.
424 3229 559 3293 Officium
584 3239 629 3293 est
653 3205 747 3314 igituf
768 3232 935 3314 depositum
965 3251 1088 3296 servare
1120 3254 1155 3297 ac
1178 3232 1318 3297 reddere.

219 3341 279 3405 Sed
308 3343 454 3405 interdum
485 3346 671 3407 commutatio
702 3345 734 3407 iit
757 3353 806 3408 aut
829 3352 963 3427 tempore
987 3355 1037 3409 aut
1060 3348 1256 3426 necessitate,
1288 3355 1320 3410 ut

3 3509 4 3516 ,
104 3505 106 3510 .
219 3474 279 3519 non
303 3457 340 3520 sit
363 3456 491 3519 ollicium
513 3457 660 3536 reddere,
694 3458 773 3539 quod
798 3461 968 3540 acceperis3
1000 3467 1031 3522 ut
1062 3461 1088 3522 si
1119 3461 1184 3540 quis
1215 3467 1319 3524 contra

218 3570 357 3651 patriam,
390 3589 477 3651 opem
500 3571 633 3633 barbaris
657 3571 776 3649 lerens,
806 3574 963 3652 pecuniam
986 3581 1107 3654 apertus
1138 3574 1233 3636 hostis
1263 3592 1318 3636 re-

193 3690 323 3764 xposcat
330 3703 339 3758 3
362 3689 412 3745 aut
431 3684 457 3745 si
476 3685 523 3747 cui
545 3685 664 3764 reddas,
688 3705 754 3748 oum
777 3687 853 3749 adsit
875 3689 925 3768 qui
947 3695 1143 3768 extorqueat3
1167 3689 1192 3750 si
1210 3686 1319 3750 furenti

219 3796 374 3875 restituas,
406 3793 618 3862 cum'servare
640 3818 701 3862 nou
726 3807 831 3880 queat3
863 3802 888 3863 si
912 3803 1069 3864 insanienti
1099 3800 1229 3883 gladium
1260 3800 1319 3864 de-

219 3909 348 3988 positum
379 3927 440 3972 nou
470 3930 583 3995 neges,
619 3933 679 3994 quo
709 3932 743 3976 se
774 3915 823 3977 ille
854 3916 1019 3994 interimat,
1055 3932 1156 3978 nonne
1189 3915 1319 3979 solvisse

293 4142 1318 4222 mmmmammwmcmmmwommmu

232 4279 263 4319 σθ
