2932 4700
201 350 243 416 52
643 348 668 402 S.
687 346 842 402 nnnnosn

200 510 277 574 eius.
320 509 358 572 ln
389 509 460 588 illa,
494 509 605 591 inquit,
635 509 686 573 die
715 511 840 588 reddet,
871 526 931 572 nan
954 507 1010 572 bic.
1054 508 1108 572 llic
1137 508 1287 572 antemio

198 620 363 704 laboribus,
395 621 423 684 in
446 622 603 704 periculis,
635 622 664 684 in
687 621 851 706 naufragiis
874 623 958 703 quasi
980 621 1088 687 athleta
1109 625 1205 688 bonus
1228 622 1285 686 de-
1369 635 1373 641 '

198 740 344 819 certabat,
369 738 436 820 quia
459 736 570 800 sciebat
592 736 729 818 quoniam
751 756 806 819 per
821 739 925 802 multm
943 738 1147 803 tribulationes
1170 743 1287 821 oportet

196 869 252 917 nas
275 853 398 916 introire
421 854 451 914 in
473 870 597 934 regnum
621 852 677 914 dei.
722 850 803 937 Ergo
825 870 886 916 non
914 858 1014 934 potest
1036 853 1102 934 quis
1125 852 1285 935 praemium

196 968 350 1050 accipere,
380 967 437 1029 nisi
464 966 595 1048 legitime
625 967 799 1047 certaverit,
834 985 891 1030 nec
914 974 960 1031 est
989 967 1121 1051 gloriosa
1149 967 1284 1048 notaria,

195 1083 254 1149 nisi
274 1081 325 1145 ubi
348 1080 455 1143 luerint
478 1079 627 1144 laboriosa
651 1079 817 1144 certamina.

589 1367 765 1460 aaron
793 1367 885 1435 xvr.

195 1552 350 1606 Confirmata
369 1553 437 1621 quod
456 1569 531 1621 supra
549 1553 582 1604 de
600 1554 717 1620 praemiis
736 1561 762 1604 et
780 1555 870 1621 poenis
889 1553 982 1605 dictum
1006 1551 1101 1617 luerat,
1126 1551 1285 1620 subiungitur

193 1659 245 1695 non
264 1644 352 1693 mirum
372 1657 443 1706 esse,
462 1641 483 1692 si
502 1641 592 1709 quibus
611 1657 709 1692 merces
729 1641 754 1691 in
774 1641 858 1693 lutura
878 1655 929 1692 non
947 1639 1102 1707 destinatur,
1121 1639 1161 1691 hie
1180 1639 1284 1691 illinon

194 1727 325 1795 laborent,
348 1743 432 1796 neque
457 1727 606 1796 confligant,
632 1728 782 1797 additurque
801 1730 861 1781 ideo
886 1727 1035 1796 temporalia
1053 1727 1120 1780 bona
1138 1729 1198 1796 ipsis
1219 1743 1283 1781 con-

452 1816 522 1882 cedi,
540 1833 573 1868 ne
592 1833 640 1885 qua
660 1818 697 1868 eis
716 1816 870 1886 relinquatur
888 1817 1026 1870 excusatio.

278 1992 328 2058 59.
373 1995 480 2059 Nonne
510 1997 635 2060 iniustus
666 2004 712 2060 est
745 1997 795 2078 qui
829 2003 896 2061 ante
919 1997 968 2060 dat
989 1995 1165 2077 praemium,
1197 2013 1284 2076 quam

193 2115 342 2172 certamen
373 2107 461 2172 fuerit
491 2109 682 2173 absolutum?
733 2109 864 2191 Ideoque
898 2109 1033 2172 dominus
1065 2107 1095 2171 in
1127 2106 1283 2190 evangelio

192 2223 248 2285 ait:
266 2219 296 2306 ¹]
319 2223 410 2285 Beati
430 2243 587 2304 pauperes
608 2226 741 2305 spirita,
766 2225 914 2304 queniam
935 2226 1075 2306 ipsoram
1097 2231 1144 2286 cst
1157 2239 1283 2302 repnam

195 2338 360 2400 caeterum.
405 2338 473 2401 Non
497 2339 586 2401 dixit:
610 2340 693 2403 Beati
716 2338 838 2418 divites,
862 2336 916 2402 sed
939 2355 1095 2419 pauperes.
1140 2333 1213 2398 Inde
1234 2332 1285 2395 in-

194 2451 263 2532 cipit
277 2451 430 2513 beatitudo
453 2452 562 2517 iudicio
586 2452 703 2532 divina,
727 2453 776 2515 ubi
794 2470 934 2516 aerumna
958 2453 1127 2514 aestimatur
1149 2450 1285 2511 hnmana.

194 2561 283 2626 Beati
311 2564 364 2642 qai
394 2564 556 2639 esuriant,
574 2561 606 2646 ²)
640 2564 786 2643 quoniam
820 2564 882 2643 ipsi
916 2562 1151 2624 saturabantur.
1196 2543 1287 2620 Beati

195 2676 249 2758 qni
279 2677 400 2756 tepent,
433 2679 580 2758 quoniam
614 2678 676 2757 ipsi
710 2678 952 2740 consolationem
983 2673 1145 2737 trahebant.
1195 2672 1288 2734 Beati

194 2791 433 2870 misericordes,
458 2792 602 2872 quoniam
625 2792 705 2870 ipsis
727 2791 924 2853 miserebitur
942 2790 1027 2854 deas.
1065 2788 1156 2852 Beati
1172 2787 1286 2852 mundo

196 2906 305 2983 corde,
340 2906 484 2986 quoniam
506 2908 569 2986 ipsi
593 2908 680 2972 deam
710 2907 863 2971 videbant.
907 2905 999 2969 Beati
1021 2904 1074 2986 qai
1094 2903 1286 2982 perseeutio-

195 3039 263 3082 nem
275 3021 442 3099 patiantar
452 3029 585 3100 propter
600 3023 761 3100 iustitiam,
785 3021 931 3102 quoniam
946 3021 1087 3099 ipsoram
1102 3024 1150 3080 est
1162 3037 1289 3097 repetam

200 3135 366 3199 caelorum.
417 3134 509 3198 Beati
543 3136 638 3214 estis,
680 3157 747 3201 cam
780 3136 870 3202 cobis
903 3135 1088 3198 maledicent
1120 3139 1151 3193 et
1177 3151 1287 3212 perse-

198 3257 330 3331 quentur
353 3257 383 3310 et
404 3248 509 3310 dicent
531 3267 618 3310 amne
647 3249 760 3312 malam
784 3249 947 3312 aduersam
969 3267 1026 3310 aas
1043 3252 1175 3328 propter
1196 3244 1287 3306 iasti-

198 3363 281 3426 tiam.
330 3361 464 3424 Gaudete
488 3369 519 3424 et
539 3362 676 3425 exultate
703 3363 852 3443 quoniam
878 3380 995 3424 merces
1024 3367 1130 3423 cestra
1160 3358 1289 3439 copiosa

199 3485 247 3540 eat
266 3479 300 3540 in
323 3478 420 3541 caelo.
465 3477 618 3556 Futurum,
649 3496 710 3541 non
741 3484 948 3560 praesentem,
980 3477 1011 3538 in
1042 3474 1143 3553 caela,
1175 3470 1289 3535 nonin

200 3598 281 3654 terra
310 3590 478 3654 mercedem
506 3591 640 3673 promisit
663 3609 731 3655 esse
753 3590 943 3654 reddendam.
990 3588 1066 3663 Ouid
1089 3586 1156 3650 alibi
1178 3583 1288 3666 poscis,

202 3704 283 3785 quod
305 3704 373 3766 alibi
396 3705 544 3768 debetur?
582 3705 658 3779 Quid
674 3723 876 3788 praepropere
899 3721 1040 3768 coronam
1063 3699 1177 3781 exigis,
1200 3703 1289 3759 ante-

203 3837 290 3898 quam
320 3818 447 3881 vincas?
492 3817 561 3900 qnid
594 3818 753 3902 detergere
788 3818 961 3899 pulverem,
996 3814 1064 3896 quid
1097 3811 1289 3891 requiescere

204 3931 298 4012 cupis,
321 3931 391 4012 quid
406 3931 518 4012 epulari
540 3933 643 4015 gestis,
667 3938 822 4013 antequam
838 3930 962 3996 stadium
983 3925 1139 3992 solvatur?
1185 3923 1291 3990 Adhuc

276 4175 303 4242 1)
322 4173 409 4230 naara
427 4173 453 4243 5,
471 4174 494 4228 a.
564 4174 596 4246 a)
613 4173 677 4228 nra.
695 4173 711 4225 5
729 4189 783 4242 seq.
