2932 4700
255 392 297 488 aa
763 392 841 448 ura

249 552 339 631 fores
369 549 519 632 effodiant
541 559 570 616 at
589 551 757 631 forantur,
777 550 808 637 Ι]
839 555 908 635 quia
938 560 1040 620 custos
1071 573 1175 622 eorum
1208 555 1348 622 Christus

251 674 297 732 est
317 672 347 731 et
366 667 451 731 locus
473 685 576 730 eorum
600 665 665 729 aula
688 666 843 747 caelestis,
865 667 972 748 quibus
993 671 1099 732 cicere
1117 669 1260 734 Christus
1281 669 1351 750 fait

251 793 281 848 ct
302 785 381 847 mori
402 784 527 845 lucram.
542 778 573 864 ²)
611 780 766 844 Translata
789 782 888 864 itaque
909 800 1038 865 corpore
1054 785 1190 868 martyris
1206 783 1244 846 ad
1259 784 1349 848 basi-

250 899 336 964 licam
351 896 571 979 apostolorum,
594 895 644 957 ubi
659 893 772 976 pridem
788 899 959 958 sanctorum
976 896 1177 978 apostolorum
1200 896 1349 976 reliquiae

250 1031 362 1076 summa
394 1011 522 1076 omnium
556 1007 717 1071 devotione
751 1009 906 1090 depositae
939 1007 1075 1090 fuerant,
1109 1029 1176 1074 cum
1206 1015 1349 1074 tractaret

251 1108 428 1210 episcopua,
462 1121 580 1205 quidam
603 1122 641 1186 de
666 1123 777 1206 populo
807 1124 940 1207 repletus
972 1125 1077 1208 spiritu
1105 1123 1246 1189 inmundo
1278 1125 1347 1188 ola-

248 1261 330 1308 mare
354 1241 454 1322 coepit
475 1255 510 1301 se
531 1236 666 1318 torqueri
689 1237 724 1299 ab
749 1236 918 1300 Ambrosio.
964 1237 1002 1300 At
1032 1237 1082 1300 illc
1112 1255 1277 1302 conversus
1307 1237 1347 1300 ad

251 1375 319 1420 eum
342 1356 397 1418 ait:
430 1351 627 1430 obmutesce,
658 1349 799 1429 diabole,
832 1353 908 1432 qaia
930 1371 992 1415 coa
1015 1361 1044 1416 te
1061 1361 1189 1434 ,torquet
1210 1352 1346 1416 Ambro-

247 1473 331 1548 sius,
365 1470 423 1534 sed
453 1470 532 1550 fides
562 1475 743 1530 coactorum
772 1474 803 1528 ct
832 1466 954 1530 incidie
984 1473 1056 1544 tao,
1090 1467 1237 1548 quonium
1266 1466 1347 1529 illuc

247 1585 337 1650 ctdcs
359 1583 526 1648 oscendere
547 1581 703 1659 domines,
727 1581 810 1642 uode
834 1588 867 1642 to
890 1581 1099 1654 detectorem
1122 1600 1195 1644 eom
1208 1579 1345 1644 Ambro-

222 1697 318 1800 psios
354 1698 456 1761 nescit
476 1695 591 1776 indari.
637 1696 703 1770 Ouo
727 1695 805 1759 dioto
829 1696 893 1775 ille,
926 1695 976 1777 qui
1004 1695 1164 1774 clamabat,
1199 1695 1346 1759 obmuluit

248 1817 475 1894 prostratusque
498 1815 544 1872 est
565 1809 597 1871 in
619 1813 742 1888 terram,
766 1825 823 1870 nec
846 1807 970 1890 amplius
992 1826 1115 1890 vocem,
1139 1827 1197 1890 qua
1220 1810 1344 1874 obstre-

248 1941 322 2006 pere
344 1927 464 2004 posset,
487 1919 591 1982 emisit.
939 1979 942 1990 ,

334 2034 384 2100 34.
428 2037 485 2098 Per
507 2034 584 2098 idem
605 2041 721 2116 tempus
749 2052 815 2098 cum
845 2035 1015 2100 consulatus
1038 2037 1084 2100 sui
1107 2036 1156 2100 die
1179 2037 1342 2119 imperator

246 2152 397 2217 Honorius
413 2151 444 2212 in
464 2150 539 2213 urbe
554 2148 819 2213 Mediolanensium
834 2149 1012 2232 lybicarum
1034 2149 1164 2214 terarum
1185 2151 1343 2214 exhiberet

246 2283 370 2346 munus,
392 2263 504 2347 populo
526 2263 595 2325 illuc
618 2270 818 2326 concurrente
833 2263 899 2326 data
916 2266 1002 2347 copia
1019 2271 1064 2328 est
1078 2266 1176 2330 missis
1200 2265 1340 2328 militibus

246 2386 316 2444 tunc
337 2380 373 2442 ab
397 2377 538 2442 Stilicone
569 2377 677 2440 comite
709 2377 827 2440 bortatu
849 2376 971 2440 Eusebii
1002 2378 1166 2459 praelecti,
1199 2386 1231 2442 ut
1262 2376 1340 2442 Gro-

248 2493 370 2557 sconius
393 2489 510 2571 quidam
527 2488 564 2552 de
582 2489 709 2552 ecclesia
730 2495 895 2571 raperetur.
941 2490 1034 2564 Quem
1059 2491 1280 2574 oonbrgientem
1303 2489 1339 2556 ad

247 2607 338 2671 altare
361 2604 471 2668 domini
492 2609 612 2665 sauctus
635 2603 794 2685 episcopus
821 2620 887 2664 cum
910 2603 1045 2683 clericis,
1080 2606 1131 2685 qui
1153 2605 1183 2669 iu
1205 2613 1339 2687 tempore

248 2719 387 2797 aderant,
420 2712 640 2780 defendendum
672 2713 873 2776 circumdedit.
926 2713 985 2780 Sed
1020 2716 1173 2782 multitudo
1208 2719 1338 2799 militum,

248 2853 325 2918 quae
356 2833 448 2897 duces
478 2831 554 2894 duos
584 2828 712 2892 habebat
738 2827 776 2890 de
804 2827 927 2909 perfidia
949 2827 1145 2911 Arianorum,
1177 2833 1338 2914 praevaluit

247 2949 392 3014 adversus
414 2961 527 3028 paucos
550 2950 638 3026 atque
659 2942 756 3005 ablato
774 2940 938 3005 cresconio
963 2943 1146 3008 exsultantes
1169 2946 1205 3009 ad
1220 2946 1336 3029 amphi-

247 3062 392 3126 theatrum
422 3063 626 3137 revcrterunt,
660 3056 806 3120 ecclesiae
833 3056 942 3119 luctum
974 3075 1035 3120 non
1066 3059 1213 3124 modicum
1242 3060 1336 3123 relin-

247 3180 390 3258 quentes3
424 3192 490 3236 nam
522 3170 664 3235 sacerdos
693 3175 859 3251 prostratus
882 3177 952 3233 ante
973 3171 1067 3234 altare
1090 3171 1201 3236 domini
1231 3174 1336 3240 lactum
1432 3163 1433 3166 ¹

247 3290 297 3354 diu
318 3289 409 3352 flevit.
454 3285 513 3352 Sed
536 3285 566 3347 in
590 3290 724 3366 tempore
750 3301 815 3344 oum
845 3283 1043 3346 revertissent
1065 3291 1096 3347 et
1116 3287 1336 3350 renuntiassent

245 3405 299 3484 iis,
330 3400 474 3482 aquibus
505 3397 623 3461 fuerant
652 3395 790 3459 destinati
819 3396 942 3476 milites,
974 3397 1086 3462 dimissi
1107 3399 1241 3482 leopardi
1263 3401 1335 3465 saltu

246 3516 338 3583 celeri
365 3515 402 3580 ad
433 3511 559 3577 eundern
590 3510 706 3590 locum,
734 3508 763 3572 in
797 3529 856 3592 quo
888 3511 1029 3576 sederant
1060 3513 1110 3594 qui
1140 3514 1178 3577 de
1209 3516 1335 3580 ecclesia

245 3629 477 3712 triumphabant,
500 3623 696 3690 ascendentes
719 3625 852 3707 graviter
870 3624 996 3690 laniatos
1018 3627 1212 3708 reliquerunt.
1250 3629 1334 3704 Quod

245 3745 294 3808 ubi
317 3742 388 3807 vidit
409 3749 479 3805 tunc
495 3739 594 3805 Stilico
618 3754 737 3818 comes,
761 3739 942 3820 paenitentia
965 3745 1062 3804 motus
1086 3747 1150 3822 est,
1172 3743 1211 3805 ita
1233 3749 1266 3805 ut
1282 3760 1333 3824 per

245 3858 353 3922 multos
385 3856 449 3920 dies
478 3853 664 3919 satisfaceret
692 3853 841 3917 sacerdoti
868 3861 898 3916 et
923 3854 1067 3920 inlaesum
1099 3855 1217 3937 quidem
1247 3856 1332 3938 illum,

245 3971 296 4053 qui
317 3971 431 4036 ablatus
454 3966 568 4049 fuerat,
590 3968 714 4046 dimisit3
747 3968 801 4033 sed
824 3969 893 4051 quia
912 3969 1158 4052 gravbsimorum
1183 3971 1331 4036 criminum

315 4211 344 4284 t)
362 4211 449 4270 utcu.
470 4212 496 4283 a,
515 4212 556 4269 lo.
626 4213 656 4282 a)
674 4212 783 4284 ruupp.
804 4213 830 4283 1,
847 4213 890 4270 ar.
