2932 4700
616 273 641 334 s.
661 266 825 332 amnosn.
1227 274 1270 346 23

267 429 320 502 43.
365 434 577 520 Superioribus
606 441 703 500 autern
726 432 832 500 diebos
855 453 922 501 eum
945 435 1094 504 stiliconis
1122 443 1193 501 tuna
1214 455 1272 501 eo·

168 549 252 614 mitis
282 567 406 629 sarnus,
440 549 490 631 qui
518 549 674 614 daemonio
702 550 907 632 laboraverat,
940 551 970 614 in
994 550 1190 616 Ambrosiana
1211 551 1270 613 ba-

170 664 261 728 silica
282 663 340 726 iarn
362 681 452 728 sanus
475 669 630 744 maneret,
660 664 882 729 commendatus
905 685 922 728 a
945 664 1064 728 domino
1088 681 1162 742 suo;
1185 662 1271 727 lere-

169 779 264 841 batur
297 779 393 858 enim,
427 777 508 860 quod
541 779 668 843 libenter
701 781 737 843 ab
771 779 877 844 eodem
909 781 1068 844 haberetur
1100 777 1272 859 laceretque

169 892 265 956 falsas
288 891 431 974 epistulas
453 895 635 976 tribunatus,
670 896 699 958 in
723 901 851 978 tantum,
877 902 909 960 ul
931 899 1103 960 tenerentur
1124 892 1270 973 homines,

171 1007 226 1087 qui
261 1005 297 1068 ad
329 1006 551 1070 ministrandum
582 1007 763 1091 pergebant3
794 1008 848 1072 sed
871 1009 920 1072 ubi
943 1007 979 1072 ad
1002 1025 1162 1092 personam
1190 1006 1271 1070 servi

172 1121 222 1184 sui
252 1120 388 1201 parvenit
410 1119 511 1186 Stilico
542 1139 662 1202 comas,
695 1122 760 1203 ipsa
790 1123 819 1185 ln
850 1139 940 1186 servo
972 1121 1069 1187 noluit
1101 1117 1270 1197 vindicare3

171 1231 311 1295 homines
334 1231 439 1312 eliam,
462 1234 513 1314 qui
535 1232 652 1316 decepti
676 1231 808 1313 lucrant,
842 1233 1009 1297 interventu
1031 1231 1196 1298 sacerdotis
1220 1231 1271 1296 di-

173 1345 268 1425 misit,
301 1342 340 1408 de
361 1345 428 1425 ipso
451 1363 526 1407 vero
556 1361 648 1408 servo
679 1344 828 1408 sacerdoti
858 1352 983 1427 questus
1007 1353 1061 1408 est.
1107 1343 1201 1420 Quem
1224 1343 1272 1406 vir

176 1463 316 1538 sanctus,
350 1474 417 1520 cam
452 1457 489 1520 da
523 1458 644 1521 basilica
674 1457 872 1522 Ambrosiana
907 1458 1123 1542 egrederetur,
1157 1457 1270 1538 requiri

177 1571 250 1634 lecit
278 1579 367 1652 atqua
399 1570 436 1634 ad
459 1585 493 1632 se
521 1569 654 1650 perduci.
701 1567 795 1644 Quem
825 1587 889 1631 eom
920 1569 1136 1654 interrogasset
1159 1575 1188 1631 et
1211 1568 1270 1632 de-

174 1684 387 1768 prehendisset
409 1688 559 1746 auetorem
583 1684 655 1745 tanti
679 1682 799 1767 flagitii,
831 1685 887 1747 ait:
925 1683 1053 1763 Oportet
1075 1684 1162 1746 illurn
1185 1683 1271 1745 tradi

175 1807 307 1862 solonae
322 1800 356 1860 in
372 1799 530 1861 interitum
553 1797 680 1874 cornis,
699 1794 731 1881 ¹)
755 1816 793 1858 ne
816 1799 896 1859 tolio
917 1799 950 1858 in
969 1805 1128 1878 posterum
1153 1797 1271 1859 audeat

175 1913 344 1976 admittere.
389 1912 484 1985 Quem
508 1909 613 1972 eodem
644 1918 812 1990 momento,
848 1929 912 1972 eum
940 1909 1036 1974 adbuc
1066 1927 1166 1974 sermo
1189 1916 1270 1974 esset

175 2031 207 2092 in
230 2047 283 2091 ore
305 2026 486 2104 sacerdotis,
509 2025 630 2107 spiritus
653 2023 809 2086 inmundus
831 2031 979 2106 arreptum
1004 2023 1176 2106 discerpere
1191 2042 1269 2088 eoe-

176 2143 228 2225 pit.
262 2142 328 2216 Quo
345 2141 411 2204 viso
428 2157 488 2202 non
506 2139 624 2201 minimo
647 2139 753 2200 timore
776 2139 881 2220 repleti
906 2154 1005 2199 sumus
1022 2144 1051 2199 et
1067 2137 1268 2201 admiratione.

176 2255 285 2318 Multos
309 2255 396 2316 etiam
420 2253 524 2315 diebos
547 2252 604 2315 illis
626 2252 789 2332 inponente
812 2249 862 2313 illo
886 2267 988 2312 manus
1003 2256 1034 2313 et
1049 2251 1212 2333 imperante
1232 2252 1268 2314 ab

177 2369 327 2450 spiritibus
350 2367 497 2431 inmundis
518 2364 644 2428 vidimus
670 2381 739 2427 esse
761 2370 913 2448 purgatos.

263 2481 314 2546 44.
358 2483 415 2546 Per
444 2481 522 2544 idem
551 2487 667 2564 tempus
697 2481 831 2544 Nicetius
865 2480 982 2562 quidam
1014 2499 1054 2544 en
1088 2481 1205 2544 tribuno
1240 2487 1271 2544 et

175 2597 308 2676 notario,
340 2598 390 2678 qui
412 2597 452 2659 ita
474 2595 582 2678 pedum
612 2596 717 2658 dolore
748 2596 919 2675 tenebatur,
950 2602 982 2658 ul
1005 2613 1074 2659 raro
1098 2596 1128 2658 in
1151 2595 1270 2678 publico

175 2711 348 2790 videretur,
371 2711 490 2773 eumad
508 2711 600 2772 altare
622 2711 818 2789 accessisset,
842 2718 874 2773 ut
896 2717 1079 2773 sacramenta
1102 2711 1271 2793 perciperet

176 2825 364 2906 calcatusque
387 2841 459 2887 casu
492 2842 509 2885 a
537 2822 693 2886 sacerdote
723 2824 935 2903 exclamasset,
967 2825 1093 2887 audivit:
1130 2825 1212 2887 Vade
1243 2833 1272 2888 et

176 2939 286 3002 amodo
304 2940 413 3002 solorra
428 2939 500 3000 eris.
537 2937 601 2999 Neo
617 2939 741 3020 amplius
765 2937 897 3001 doluisse
919 2938 1013 3021 pedes
1036 2945 1185 3021 ternpore,
1209 2956 1269 3020 quo

175 3060 295 3117 sanctus
319 3052 463 3115 sacerdos
487 3051 524 3114 de
547 3052 603 3114 hac
625 3053 692 3115 luce
713 3055 868 3136 migravit,
892 3052 1020 3116 lacrimis
1042 3053 1214 3118 testabatur.

263 3165 314 3231 45.
360 3167 418 3232 Sed
442 3175 510 3250 post
533 3168 597 3231 dies
617 3168 673 3231 hos
697 3167 833 3231 ordinato
856 3169 1014 3232 sacerdote
1044 3167 1191 3231 ecelesiae
1215 3168 1268 3231 'li-

176 3281 308 3363 cinensi,
337 3283 439 3346 incidit
459 3283 490 3346 in
514 3281 724 3362 infirmitatem,
755 3301 812 3364 qua
835 3282 967 3364 plurimis
991 3282 1096 3344 diebus
1121 3300 1187 3344 eum
1210 3281 1268 3344 de·

175 3395 321 3457 lineretur
344 3396 373 3457 in
396 3396 524 3475 lectulo,
554 3411 655 3459 eomes
679 3393 781 3459 Stilioo
805 3394 918 3458 dixisse
941 3393 1052 3476 lentur,
1084 3395 1164 3477 quod
1186 3401 1268 3460 tanto

175 3510 240 3572 viro
270 3508 433 3572 recedente
456 3512 493 3574 de
517 3529 645 3595 corpore
676 3510 811 3573 interitus
842 3511 1007 3572 immineret
1029 3510 1138 3574 ltaliae.
1184 3509 1268 3572 Unda

176 3625 350 3690 convocatis
373 3624 468 3689 adse
491 3627 679 3690 nobilissimis
708 3626 780 3689 viris
802 3626 879 3688 illius
912 3625 1053 3704 civitatis,
1086 3642 1160 3707 quos
1185 3624 1268 3708 diligi

175 3761 192 3805 a
215 3745 319 3804 saneto
347 3740 505 3802 sacerdote
534 3747 736 3823 cognoverat,
771 3738 875 3820 partim
907 3738 1109 3801 interminatus
1133 3744 1178 3800 est
1199 3737 1266 3816 illis,

176 3829 278 3934 partim
302 3851 412 3915 blando
435 3869 575 3915 sermone
597 3853 774 3935 persuadet,
807 3857 839 3912 ut
861 3848 897 3913 ad
921 3857 1052 3914 sanetum
1081 3851 1267 3915 sacerdotem

174 4005 373 4017 ῌ--ι-ι

246 4095 274 4164 1)
294 4096 317 4150 1.
337 4094 394 4148 cor.
416 4095 442 4161 5,
461 4095 505 4148 5,,
