2932 4700
216 345 256 408 qq
706 341 781 394 vira

215 504 308 566 virum
332 508 362 564 et
384 502 465 587 diligi
489 503 525 566 ab
549 502 599 565 illo
623 508 653 564 et
675 499 849 582 frequenter
883 520 948 566 cum
980 501 1030 565 illo
1052 502 1205 564 convivari
1227 501 1305 564 soli·-

212 623 291 693 tum,
324 617 449 680 audivit:
481 616 556 678 ideo
577 615 697 692 vincis,
731 634 852 692 comes,
887 615 962 696 quic
991 614 1030 677 ab
1053 615 1109 677 ttto
1132 616 1203 678 ciro
1226 614 1305 676 utta·-

186 733 313 816 qqeria,
345 733 399 812 qui
428 732 505 794 dieb
533 730 613 792 solt:
643 730 717 806 Sta,
749 735 779 790 ct
807 736 879 792 stat.
925 728 1012 803 Quod
1034 728 1104 791 ideo
1129 747 1188 812 ego
1210 730 1306 809 posui,

213 852 244 908 ut
267 846 350 908 cuius
375 843 469 907 lamae
492 843 581 906 luerit
602 843 649 905 vir
680 850 801 906 sanctus
825 843 911 904 etiam
934 843 1011 925 apud
1034 843 1176 906 barbarus
1198 849 1306 925 gentes

213 965 440 1040 agnosceretur.
491 957 563 1020 Nam
595 962 709 1020 et’nos
739 955 891 1019 referente
920 956 1029 1019 iuvene
1052 955 1179 1037 quodam
1202 955 1307 1019 Arbo-

163 1092 169 1102 ·
213 1074 306 1154 gustis
330 1071 486 1135 admodum
508 1072 653 1154 religioso
678 1071 884 1153 cognovimus,
908 1071 958 1152 qui
980 1076 1050 1133 lunc
1072 1067 1220 1147 interiult3
1243 1078 1309 1133 erat

153 1205 164 1240 s
213 1185 290 1246 enim
314 1186 343 1245 in
368 1189 512 1263 tempore,
537 1201 596 1264 quo
620 1182 693 1244 baec
716 1183 902 1262 loquebatur,
925 1183 985 1245 vini
1009 1183 1154 1246 minister.
1242 1179 1245 1184 ’

299 1293 350 1360 31.
397 1295 552 1360 Proiectus
575 1297 675 1376 itaque
697 1295 839 1358 sacerdos
863 1295 901 1358 de
924 1296 1050 1359 Tusciae
1082 1297 1215 1377 partibus
1239 1297 1308 1360 ble-

213 1408 362 1502 diolanum
386 1408 546 1470 revertitur
568 1409 623 1470 iam
648 1407 716 1470 inde
739 1425 865 1490 egresso
881 1407 1019 1491 Eugenic
1042 1417 1145 1473 contra
1163 1409 1309 1474 Theodo-

211 1524 302 1601 sium,
342 1523 442 1602 ibique
474 1521 631 1584 Ghristiani
661 1523 847 1604 imperatoris
882 1523 1119 1602 praestolabatur
1149 1522 1308 1586 adventum

212 1653 337 1700 securus
353 1637 391 1698 de
407 1635 455 1698 dci
470 1635 610 1717 potentia,
626 1634 706 1715 quod
719 1653 778 1698 non
796 1634 926 1697 traderet
936 1635 1106 1698 credentem
1118 1637 1147 1698 in
1163 1654 1197 1699 se
1208 1637 1309 1700 homi-

213 1750 300 1812 uibus
323 1750 448 1828 iniustis,
473 1769 528 1812 nec
551 1749 734 1830 relinqueret
756 1751 870 1832 virgam
885 1756 1074 1831 peccatorum
1091 1769 1182 1832 super
1197 1760 1309 1816 sortem

212 1867 375 1944 iustorum,
408 1883 447 1926 ne
478 1865 675 1928 extenderent
698 1865 766 1928 iusti
789 1865 825 1927 ad
848 1867 1030 1946 iniquitatem
1054 1881 1157 1928 manus
1180 1883 1259 1929 suus.
1277 1863 1307 1948 ¹)

211 1980 390 2043 Promiserat
424 1979 501 2042 enim
532 1980 719 2062 Arbogastes
753 1985 823 2042 tuuc
852 1998 953 2043 comes
986 1989 1016 2043 et
1037 1979 1192 2042 Flavianus
1215 1997 1309 2060 prae-

212 2090 308 2154 lectus
332 2090 501 2154 Mediolano
525 2091 735 2173 egredientes,
765 2109 830 2154 cum
862 2093 991 2154 victores
1023 2093 1140 2154 reversi
1171 2090 1307 2172 fuissent,

211 2203 355 2266 stabulum
386 2221 420 2265 se
451 2221 520 2266 esse
553 2201 685 2266 iacturas
708 2204 737 2266 in
761 2203 881 2266 basilica
905 2203 1051 2267 ecclesiae
1075 2204 1308 2269 Mediolanensis

211 2323 300 2396 atque
324 2317 451 2379 clericos
482 2318 537 2381 sub
560 2317 649 2380 armis
672 2317 866 2398 probaturos;
897 2316 952 2380 sed
984 2319 1142 2381 miserandi
1172 2321 1307 2382 homines

211 2448 278 2494 cum
301 2430 495 2492 daemonibus
528 2433 590 2492 suis
620 2430 695 2494 male
726 2431 838 2494 creduli
861 2437 930 2494 sunt
953 2439 981 2494 et
1005 2435 1141 2512 aperiunt
1164 2451 1306 2497 ossuum

212 2548 242 2608 in
265 2545 491 2626 blasphemiam,
524 2544 600 2625 apud
633 2546 720 2607 deum
751 2562 834 2626 spem
865 2545 920 2608 sibi
952 2545 1095 2608 victoriae
1126 2546 1306 2610 ademerunt.

213 2659 308 2724 Causa
329 2665 427 2720 autem
451 2659 657 2722 commotionis
680 2659 754 2721 baec
780 2658 843 2736 luit,
874 2659 942 2740 quia
965 2676 1087 2721 munera
1110 2660 1306 2742 imperatoris,

212 2750 262 2854 qui
291 2791 325 2836 se
356 2774 515 2854 sacrilegio
545 2773 721 2850 miscuerat,
756 2773 791 2834 ab
824 2772 953 2834 ecclesia
984 2774 1219 2854 respuebantur,
1250 2792 1307 2838 nec

212 2887 315 2952 orandi
347 2888 387 2950 illi
419 2905 484 2950 cum
514 2887 642 2950 ecclesia
673 2887 802 2948 societas
833 2887 1023 2949 tribuebatur.
1060 2865 1127 2950 ¹Sed
1159 2887 1306 2969 dominus,

212 3003 261 3080 qui
294 3001 451 3062 ecclesiam
483 3017 566 3062 suam
598 3001 674 3064 tueri
707 2999 879 3078 consuevit,
911 2998 948 3062 de
977 2999 1061 3063 caelo
1094 2979 1237 3065 iaculatus
1262 3008 1307 3066 est

211 3114 349 3178 iudicium
379 3122 469 3194 utque
493 3132 609 3179 omnem
642 3114 794 3176 victoriam
824 3113 860 3176 ad
891 3114 1065 3196 religiosum
1099 3117 1306 3199 imperatorem

212 3229 360 3292 transtulit
380 3227 592 3290 Theodosium.
639 3227 794 3292 Exstincto
818 3228 917 3310 itaque
945 3229 1081 3312 Eugenio
1111 3231 1307 3295 satellitibus-

212 3362 271 3424 que
302 3343 365 3405 eius
394 3360 459 3404 cum
492 3343 600 3423 scripta
633 3343 782 3425 acciperet
811 3343 1016 3426 imperatoris,
1048 3360 1108 3406 non
1139 3345 1180 3408 illi
1212 3349 1306 3410 maior

212 3475 282 3522 oure
307 3455 371 3534 luit,
394 3475 480 3537 quam
504 3465 535 3518 ιιι
558 3475 612 3538 pro
638 3457 683 3520 bis
705 3459 912 3538 interveniret,
943 3476 1019 3540 quos
1051 3465 1153 3521 reatus
1177 3459 1307 3522 iuvene·

211 3574 264 3632 rot.
309 3568 480 3633 Obsecruns
498 3634 501 3640 ,
517 3573 612 3652 primo
644 3571 761 3652 scriptis
791 3572 998 3652 imperatorem
1036 3573 1127 3635 ruisso
1162 3572 1288 3638 diacono
1297 3594 1306 3652 3

213 3689 317 3762 postea
355 3689 447 3746 vcru'
466 3702 554 3764 quam
593 3683 723 3747 directus
762 3691 807 3746 est
843 3685 969 3748 loannes
1007 3693 1077 3748 tuuc
1110 3687 1244 3750 tribunus
1279 3694 1308 3749 et

213 3797 356 3874 notarius,
402 3799 451 3878 qui
497 3817 575 3861 nunc
619 3799 789 3880 praelectus
826 3807 888 3878 est,
935 3800 971 3862 ad
1007 3801 1158 3863 tuitionem
1193 3817 1307 3878 eorum,

213 3910 262 3990 qui
285 3910 320 3971 ad
345 3911 500 3972 ecclesiam
533 3913 747 3997 confugerant,
779 3915 867 3977 etium
898 3914 963 3998 ipse
987 3913 1152 4000 Aquileiam
1174 3916 1307 4001 perrexit

212 4061 421 4070 ...u—m·

284 4150 310 4221 1)
329 4149 419 4206 ronta.
442 4151 501 4218 ιιι,
520 4151 544 4207 ι,
