2976 4706
195 364 259 432 too
643 365 668 421 s.
687 363 841 422 hmoslt

192 525 350 590 batissirnis
381 527 550 608 quibusque
580 527 756 592 senioribus.
802 527 937 608 Namque
958 533 992 590 ut
1017 524 1182 610 aequalium
1212 539 1285 588 usus

194 639 323 722 dulcior,
346 641 386 705 ita
408 659 513 706 senum
536 643 626 706 tutior
650 648 713 722 est,
738 642 790 722 qui
811 641 986 725 magisterio
1008 638 1136 722 qrrodcm
1151 645 1181 701 ot
1196 636 1285 700 domu

192 753 271 817 vitae
299 754 414 818 colorat
444 773 545 819 mores
577 756 808 820 adulescentium
831 763 861 818 et
883 756 964 820 velut
986 755 1101 819 murice
1132 751 1285 835 probitatis

192 865 290 928 inlicit.
328 867 461 950 Namque
481 870 506 931 si
526 869 565 948 bi,
589 871 721 951 quisunt
742 870 838 952 ignari
860 868 1003 948 locorum,
1026 886 1093 932 curn
1115 865 1285 931 sollertibus
1359 881 1362 886 ⁴

191 979 305 1042 viarum
326 981 384 1043 iter
406 979 518 1044 adoriri
546 982 693 1062 gestiunt,
723 981 949 1064 quantomagis
979 978 1186 1043 adulescentes
1219 995 1285 1040 cum

191 1094 312 1157 senibus
346 1095 456 1158 debent
489 1113 599 1158 novum
633 1095 688 1158 sibi
720 1095 776 1158 iter
807 1095 887 1158 vitae
913 1092 1061 1178 adgredi,
1099 1109 1158 1173 quo
1189 1091 1284 1154 minus

192 1225 295 1274 errare
324 1210 440 1292 possint
468 1216 497 1271 et
525 1225 554 1270 a·
570 1227 644 1271 vero
678 1209 794 1271 tramite
828 1209 942 1272 virtutis
975 1206 1163 1269 deflecteret
1207 1203 1285 1268 Nihil

192 1323 270 1385 enirn
299 1322 467 1406 pulchrius,
500 1342 586 1404 quarn
617 1323 739 1388 eosdem
771 1329 801 1386 et
829 1323 987 1405 magistros
1019 1322 1098 1383 vitae
1130 1327 1160 1382 et
1191 1323 1284 1382 testas

190 1436 310 1499 babere.

277 1547 349 1614 213.
393 1549 602 1626 Quaerendum
633 1553 719 1615 etiam
751 1551 782 1614 in
809 1553 888 1615 omni
919 1557 1003 1629 actu,
1034 1548 1104 1630 quid
1136 1547 1285 1630 personis,

190 1664 371 1745 temporibus
403 1666 560 1730 conveniat
583 1672 670 1746 atque
693 1665 857 1746 aetatibus,
891 1663 962 1744 quid
985 1663 1072 1726 etiam
1101 1661 1285 1746 singulorum

190 1777 319 1860 ingeniis
348 1779 385 1841 sit
413 1779 646 1844 adcommodum.
691 1779 789 1861 Saepe
822 1779 900 1840 enim
929 1775 1009 1858 quod
1041 1778 1166 1840 alterum
1188 1776 1284 1855 decet,

190 1890 315 1955 alterum
337 1909 398 1957 non
421 1892 516 1957 decet.
561 1893 650 1957 Aliud
673 1893 773 1956 iuveni
795 1899 913 1974 aptum,
937 1891 1016 1954 aliud
1044 1892 1127 1969 sent3
1150 1890 1229 1954 aliud
1253 1889 1282 1953 in

100 2033 106 2040 ·
190 2005 344 2085 periculis,
368 2006 447 2070 aliud
469 2007 499 2068 in
522 2006 613 2068 rebus
637 2003 785 2069 secundis.

278 2118 350 2184 214.
395 2121 518 2186 Saltavit
542 2125 609 2183 anta
632 2137 731 2184 uncam
760 2119 870 2182 domini
892 2117 1005 2196 David,
1025 2115 1053 2200 ¹)
1085 2135 1146 2180 non
1169 2115 1285 2180 saltavit

189 2231 306 2299 Samuel
313 2255 322 2312 ;
353 2253 410 2298 nec
438 2231 507 2296 ideo
538 2233 588 2295 ille
618 2231 835 2315 reprehensus,
865 2229 919 2294 sed
942 2230 1036 2312 tnagis
1058 2230 1115 2294 iste
1138 2227 1282 2294 laudatus.

188 2347 311 2412 Mutavit
334 2350 444 2414 vulturn
468 2356 572 2413 contra
594 2366 715 2432 regern,
749 2349 797 2411 cui
819 2363 928 2411 nornen
950 2345 1088 2421 Ancbus;
1105 2342 1137 2428 ¹²)
1171 2351 1200 2407 at
1224 2346 1282 2408 boc

187 2463 214 2524 si
236 2469 350 2526 remota
380 2461 500 2527 iecisset
531 2463 703 2542 tormidine,
734 2463 914 2543 quominus
939 2465 1192 2546 cognosceretur,
1221 2477 1282 2520 ne-

189 2593 334 2657 quaquam
353 2577 479 2642 levitatis
497 2578 732 2660 reprehensione
747 2596 852 2641 canere
870 2578 1023 2659 potuisset.
1062 2575 1131 2639 Suul
1149 2591 1281 2656 quoque,

189 2689 313 2752 vallatus
345 2691 438 2754 choro
467 2692 695 2774 prophetarum,
730 2692 817 2753 etium
849 2692 915 2773 ipse
944 2689 1151 2773 prophetavit,
1185 2695 1215 2752 et
1243 2688 1281 2750 de

188 2803 254 2866 solo
271 2805 354 2884 quasi
370 2803 492 2887 indigno
508 2809 700 2868 memoratum
717 2810 776 2868 est:
801 2803 842 2866 Et
855 2803 935 2867 Saul
949 2805 1030 2867 iuter
1045 2803 1236 2882 prophetes!
1249 2797 1280 2884 ³)

574 3074 744 3142 CAPUT
777 3075 898 3144 XLIV.

188 3235 277 3294 Officio
295 3240 344 3294 sibi
363 3255 476 3310 congruo
493 3258 618 3312 quemque
642 3243 744 3296 studere
766 3251 903 3310 oportere;
927 3242 972 3296 sod
994 3241 1085 3294 multos
1104 3241 1211 3310 inpediri
1230 3259 1278 3312 pa-

217 3335 347 3382 ternorum
366 3331 507 3383 imitatione
526 3331 679 3397 studiorum,
699 3339 786 3382 contra
805 3347 878 3400 quarn
897 3331 1064 3383 ecclesiastici
1082 3332 1129 3383 viri
1147 3331 1249 3384 iaciunt.

275 3487 347 3555 215.
392 3490 601 3571 Unusquisque
624 3490 714 3574 igitur
737 3507 821 3552 suurn
843 3491 994 3573 ingenium
1026 3492 1159 3572 noverit,
1190 3491 1279 3555 etad

186 3604 216 3668 id
239 3622 273 3668 se
296 3606 440 3688 applicet,
464 3604 546 3686 quod
568 3604 624 3668 sibi
646 3605 745 3686 aptum
769 3605 903 3686 elegerit
947 3605 1049 3686 ltaque
1073 3605 1142 3687 quid
1165 3623 1278 3688 sequa-

186 3723 252 3797 tur,
285 3720 367 3801 prius
400 3720 579 3783 consideret.
631 3719 757 3782 Noverit
789 3721 868 3782 bonu
900 3737 971 3799 sua,
1002 3719 1058 3782 scd
1089 3721 1177 3782 etiam
1208 3720 1277 3782 vitia

188 3840 353 3914 cognoscat
383 3835 596 3915 aequalemque
626 3851 660 3896 sc
691 3833 818 3897 iudicem
851 3835 897 3896 sui
932 3834 1090 3916 praebeat,
1126 3839 1156 3896 ut
1190 3833 1276 3898 bonis

187 3944 335 4026 intendat,
356 3947 426 4010 vitiu
449 3948 585 4012 declinet

195 4099 388 4110 -u—-n-—n

258 4185 287 4262 r)
305 4186 330 4242 o.
350 4186 414 4260 nep.
432 4187 458 4261 o,
476 4187 518 4245 rr.
588 4189 617 4259 2)
638 4191 742 4269 tunes.
761 4193 805 4264 ar,
826 4191 867 4247 ro.
938 4190 968 4265 e)
984 4181 1047 4250 nro.
1068 4185 1110 4260 aa,
1129 4189 1177 4248 al.
