<?xml version="1.0" encoding="UTF-8"?>
<!DOCTYPE html PUBLIC "-//W3C//DTD XHTML 1.0 Transitional//EN"
    "http://www.w3.org/TR/xhtml1/DTD/xhtml1-transitional.dtd">
<html xmlns="http://www.w3.org/1999/xhtml" xml:lang="en" lang="en">
 <head>
  <title>
</title>
<meta http-equiv="Content-Type" content="text/html;charset=utf-8" />
  <meta name='ocr-system' content='tesseract 3.04.00' />
  <meta name='ocr-capabilities' content='ocr_page ocr_carea ocr_par ocr_line ocrx_word'/>
</head>
<body>
  <div class='ocr_page' id='page_1' title='image "./deofficiisminis01krabgoog_0191.png"; bbox 0 0 2976 4706; ppageno 0'>
   <div class='ocr_carea' id='block_1_1' title="bbox 210 299 853 376">
    <p class='ocr_par' dir='ltr' id='par_1_1' title="bbox 210 299 853 376">
     <span class='ocr_line' id='line_1_1' title="bbox 210 299 853 376; baseline -0.033 0"><span class='ocrx_word' id='word_1_1' title='bbox 210 309 272 376; x_wconf 62' lang='lat' dir='ltr'><strong>m</strong></span> <span class='ocrx_word' id='word_1_2' title='bbox 653 299 853 357; x_wconf 66' lang='lat' dir='ltr'><strong>mmm</strong></span> 
     </span>
    </p>
   </div>
   <div class='ocr_carea' id='block_1_2' title="bbox 208 461 1467 3840">
    <p class='ocr_par' dir='ltr' id='par_1_2' title="bbox 208 461 1467 672">
     <span class='ocr_line' id='line_1_2' title="bbox 209 461 1302 548; baseline -0.005 -16"><span class='ocrx_word' id='word_1_3' title='bbox 209 475 241 532; x_wconf 89' lang='lat' dir='ltr'><strong>et</strong></span> <span class='ocrx_word' id='word_1_4' title='bbox 262 465 390 530; x_wconf 83' lang='lat' dir='ltr'><strong>caritatis</strong></span> <span class='ocrx_word' id='word_1_5' title='bbox 414 461 557 548; x_wconf 77' lang='lat' dir='ltr'><strong>adsurgit</strong></span> <span class='ocrx_word' id='word_1_6' title='bbox 599 462 731 527; x_wconf 82' lang='lat' dir='ltr'><strong>cbristus</strong></span> <span class='ocrx_word' id='word_1_7' title='bbox 754 479 875 546; x_wconf 82' lang='lat' dir='ltr'><strong>quoque</strong></span> <span class='ocrx_word' id='word_1_8' title='bbox 898 462 1051 540; x_wconf 86' lang='lat' dir='ltr'><strong>dominus,</strong></span> <span class='ocrx_word' id='word_1_9' title='bbox 1083 463 1132 545; x_wconf 87' lang='lat' dir='ltr'><strong>qui</strong></span> <span class='ocrx_word' id='word_1_10' title='bbox 1154 479 1209 544; x_wconf 94' lang='lat' dir='ltr'><strong>pro</strong></span> <span class='ocrx_word' id='word_1_11' title='bbox 1231 462 1302 527; x_wconf 91' lang='lat' dir='ltr'><strong>uni·</strong></span> 
     </span>
     <span class='ocr_line' id='line_1_3' title="bbox 208 574 1467 672; baseline -0.004 -29"><span class='ocrx_word' id='word_1_12' title='bbox 208 581 305 644; x_wconf 85' lang='lat' dir='ltr'><strong>versis</strong></span> <span class='ocrx_word' id='word_1_13' title='bbox 328 585 462 642; x_wconf 87' lang='lat' dir='ltr'><strong>mortuus</strong></span> <span class='ocrx_word' id='word_1_14' title='bbox 485 583 540 656; x_wconf 85' lang='lat' dir='ltr'><strong>est,</strong></span> <span class='ocrx_word' id='word_1_15' title='bbox 563 576 733 640; x_wconf 83' lang='lat' dir='ltr'><strong>mercedem</strong></span> <span class='ocrx_word' id='word_1_16' title='bbox 755 577 908 660; x_wconf 78' lang='lat' dir='ltr'><strong>sanguinis</strong></span> <span class='ocrx_word' id='word_1_17' title='bbox 925 578 972 640; x_wconf 90' lang='lat' dir='ltr'><strong>sui</strong></span> <span class='ocrx_word' id='word_1_18' title='bbox 989 581 1159 639; x_wconf 89' lang='lat' dir='ltr'><strong>evacuatam</strong></span> <span class='ocrx_word' id='word_1_19' title='bbox 1183 574 1302 639; x_wconf 84' lang='lat' dir='ltr'><strong>dolabit.</strong></span> <span class='ocrx_word' id='word_1_20' title='bbox 1466 655 1467 672; x_wconf 12' lang='grc' dir='ltr'>ἵ</span> 
     </span>
    </p>

    <p class='ocr_par' dir='ltr' id='par_1_3' title="bbox 208 677 1467 2128">
     <span class='ocr_line' id='line_1_4' title="bbox 296 677 1467 771; baseline -0.008 -15"><span class='ocrx_word' id='word_1_21' title='bbox 296 687 347 756; x_wconf 81' lang='lat'><strong>20.</strong></span> <span class='ocrx_word' id='word_1_22' title='bbox 393 688 470 765; x_wconf 85' lang='lat' dir='ltr'><strong>onid</strong></span> <span class='ocrx_word' id='word_1_23' title='bbox 494 688 684 769; x_wconf 89' lang='lat' dir='ltr'><strong>quodetiam</strong></span> <span class='ocrx_word' id='word_1_24' title='bbox 708 689 771 771; x_wconf 88' lang='lat' dir='ltr'><strong>ipsa</strong></span> <span class='ocrx_word' id='word_1_25' title='bbox 793 687 845 750; x_wconf 84' lang='lat' dir='ltr'><strong>lex</strong></span> <span class='ocrx_word' id='word_1_26' title='bbox 867 686 978 751; x_wconf 90' lang='lat' dir='ltr'><strong>domini</strong></span> <span class='ocrx_word' id='word_1_27' title='bbox 1001 688 1076 750; x_wconf 93' lang='lat' dir='ltr'><strong>bano</strong></span> <span class='ocrx_word' id='word_1_28' title='bbox 1106 685 1230 750; x_wconf 90' lang='lat' dir='ltr'><strong>iormam</strong></span> <span class='ocrx_word' id='word_1_29' title='bbox 1253 692 1302 747; x_wconf 90' lang='lat' dir='ltr'><strong>le·</strong></span> <span class='ocrx_word' id='word_1_30' title='bbox 1326 746 1327 751; x_wconf 71' lang='grc'><strong>,</strong></span> <span class='ocrx_word' id='word_1_31' title='bbox 1448 677 1467 702; x_wconf 79' lang='grc'>”</span> 
     </span>
     <span class='ocr_line' id='line_1_5' title="bbox 210 793 1329 879; baseline -0.007 -11"><span class='ocrx_word' id='word_1_32' title='bbox 210 804 337 868; x_wconf 81' lang='lat' dir='ltr'><strong>nendum</strong></span> <span class='ocrx_word' id='word_1_33' title='bbox 360 801 469 867; x_wconf 85' lang='lat' dir='ltr'><strong>edocet</strong></span> <span class='ocrx_word' id='word_1_34' title='bbox 477 793 493 879; x_wconf 78' lang='lat'><strong>‚¹</strong></span> <span class='ocrx_word' id='word_1_35' title='bbox 509 807 541 862; x_wconf 94' lang='lat' dir='ltr'><strong>ut</strong></span> <span class='ocrx_word' id='word_1_36' title='bbox 563 799 634 862; x_wconf 92' lang='lat' dir='ltr'><strong>nibil</strong></span> <span class='ocrx_word' id='word_1_37' title='bbox 658 799 743 862; x_wconf 90' lang='lat' dir='ltr'><strong>alteri</strong></span> <span class='ocrx_word' id='word_1_38' title='bbox 766 799 905 864; x_wconf 84' lang='lat' dir='ltr'><strong>detrahas</strong></span> <span class='ocrx_word' id='word_1_39' title='bbox 928 800 969 861; x_wconf 88' lang='lat' dir='ltr'><strong>tui</strong></span> <span class='ocrx_word' id='word_1_40' title='bbox 992 796 1141 862; x_wconf 90' lang='lat' dir='ltr'><strong>commodi</strong></span> <span class='ocrx_word' id='word_1_41' title='bbox 1163 797 1329 868; x_wconf 69' lang='lat' dir='ltr'><strong>servandi,</strong></span> 
     </span>
     <span class='ocr_line' id='line_1_6' title="bbox 210 907 1306 999; baseline -0.005 -22"><span class='ocrx_word' id='word_1_42' title='bbox 210 916 314 999; x_wconf 78' lang='lat' dir='ltr'><strong>gratia,</strong></span> <span class='ocrx_word' id='word_1_43' title='bbox 336 932 403 977; x_wconf 92' lang='lat' dir='ltr'><strong>cum</strong></span> <span class='ocrx_word' id='word_1_44' title='bbox 418 911 503 974; x_wconf 89' lang='lat' dir='ltr'><strong>dicit:</strong></span> <span class='ocrx_word' id='word_1_45' title='bbox 524 907 552 993; x_wconf 85' lang='grc'><strong>1)</strong></span> <span class='ocrx_word' id='word_1_46' title='bbox 575 910 646 973; x_wconf 83' lang='lat' dir='ltr'><strong>Nou</strong></span> <span class='ocrx_word' id='word_1_47' title='bbox 661 909 837 989; x_wconf 76' lang='lat' dir='ltr'><strong>transferas</strong></span> <span class='ocrx_word' id='word_1_48' title='bbox 853 911 1011 989; x_wconf 68' lang='lat' dir='ltr'><strong>immines,</strong></span> <span class='ocrx_word' id='word_1_49' title='bbox 1034 929 1111 992; x_wconf 79' lang='lat' dir='ltr'><strong>poco</strong></span> <span class='ocrx_word' id='word_1_50' title='bbox 1129 918 1306 974; x_wconf 80' lang='lat' dir='ltr'><strong>statuerunt</strong></span> 
     </span>
     <span class='ocr_line' id='line_1_7' title="bbox 208 1024 1305 1110; baseline -0.002 -18"><span class='ocrx_word' id='word_1_51' title='bbox 208 1036 324 1110; x_wconf 84' lang='lat' dir='ltr'><strong>putres.</strong></span> <span class='ocrx_word' id='word_1_52' title='bbox 337 1029 393 1104; x_wconf 84' lang='lat' dir='ltr'><strong>tui,</strong></span> <span class='ocrx_word' id='word_1_53' title='bbox 418 1045 485 1090; x_wconf 91' lang='lat' dir='ltr'><strong>cum</strong></span> <span class='ocrx_word' id='word_1_54' title='bbox 507 1025 630 1089; x_wconf 90' lang='lat' dir='ltr'><strong>vitulum</strong></span> <span class='ocrx_word' id='word_1_55' title='bbox 653 1034 801 1090; x_wconf 89' lang='lat' dir='ltr'><strong>errantem</strong></span> <span class='ocrx_word' id='word_1_56' title='bbox 824 1024 924 1089; x_wconf 87' lang='lat' dir='ltr'><strong>iratris</strong></span> <span class='ocrx_word' id='word_1_57' title='bbox 940 1027 982 1090; x_wconf 88' lang='lat' dir='ltr'><strong>lui</strong></span> <span class='ocrx_word' id='word_1_58' title='bbox 997 1025 1198 1090; x_wconf 87' lang='lat' dir='ltr'><strong>reducendum</strong></span> <span class='ocrx_word' id='word_1_59' title='bbox 1214 1043 1305 1109; x_wconf 83' lang='lat' dir='ltr'><strong>prac-</strong></span> 
     </span>
     <span class='ocr_line' id='line_1_8' title="bbox 212 1135 1306 1225; baseline -0.005 -19"><span class='ocrx_word' id='word_1_60' title='bbox 212 1145 299 1224; x_wconf 90' lang='lat' dir='ltr'><strong>cipit,</strong></span> <span class='ocrx_word' id='word_1_61' title='bbox 315 1137 348 1225; x_wconf 82' lang='lat'><strong>²)</strong></span> <span class='ocrx_word' id='word_1_62' title='bbox 380 1159 447 1204; x_wconf 91' lang='lat' dir='ltr'><strong>cum</strong></span> <span class='ocrx_word' id='word_1_63' title='bbox 476 1141 570 1204; x_wconf 85' lang='lat' dir='ltr'><strong>iurem</strong></span> <span class='ocrx_word' id='word_1_64' title='bbox 593 1140 669 1202; x_wconf 88' lang='lat' dir='ltr'><strong>mori</strong></span> <span class='ocrx_word' id='word_1_65' title='bbox 691 1140 788 1218; x_wconf 89' lang='lat' dir='ltr'><strong>iubet,</strong></span> <span class='ocrx_word' id='word_1_66' title='bbox 804 1135 837 1223; x_wconf 76' lang='grc'><strong>8)</strong></span> <span class='ocrx_word' id='word_1_67' title='bbox 868 1157 934 1204; x_wconf 88' lang='lat' dir='ltr'><strong>cum</strong></span> <span class='ocrx_word' id='word_1_68' title='bbox 965 1145 1044 1202; x_wconf 88' lang='lat' dir='ltr'><strong>vetat</strong></span> <span class='ocrx_word' id='word_1_69' title='bbox 1072 1141 1306 1204; x_wconf 89' lang='lat' dir='ltr'><strong>mercennarium</strong></span> 
     </span>
     <span class='ocr_line' id='line_1_9' title="bbox 213 1230 1306 1334; baseline -0.007 -14"><span class='ocrx_word' id='word_1_70' title='bbox 213 1256 310 1320; x_wconf 90' lang='lat' dir='ltr'><strong>debita</strong></span> <span class='ocrx_word' id='word_1_71' title='bbox 339 1230 478 1318; x_wconf 81' lang='lat' dir='ltr'><strong>mercede</strong></span> <span class='ocrx_word' id='word_1_72' title='bbox 507 1251 654 1331; x_wconf 80' lang='lat' dir='ltr'><strong>fraudari,</strong></span> <span class='ocrx_word' id='word_1_73' title='bbox 671 1247 703 1334; x_wconf 80' lang='lat'><strong>⁴]</strong></span> <span class='ocrx_word' id='word_1_74' title='bbox 733 1269 800 1314; x_wconf 88' lang='lat' dir='ltr'><strong>cum</strong></span> <span class='ocrx_word' id='word_1_75' title='bbox 828 1251 983 1332; x_wconf 88' lang='lat' dir='ltr'><strong>pecuniam</strong></span> <span class='ocrx_word' id='word_1_76' title='bbox 1014 1251 1080 1314; x_wconf 90' lang='lat' dir='ltr'><strong>sine</strong></span> <span class='ocrx_word' id='word_1_77' title='bbox 1110 1250 1208 1314; x_wconf 90' lang='lat' dir='ltr'><strong>usuris</strong></span> <span class='ocrx_word' id='word_1_78' title='bbox 1231 1249 1306 1312; x_wconf 87' lang='lat' dir='ltr'><strong>red·</strong></span> 
     </span>
     <span class='ocr_line' id='line_1_10' title="bbox 214 1362 1307 1450; baseline -0.007 -19"><span class='ocrx_word' id='word_1_79' title='bbox 214 1369 340 1431; x_wconf 91' lang='lat' dir='ltr'><strong>dendam</strong></span> <span class='ocrx_word' id='word_1_80' title='bbox 371 1368 492 1430; x_wconf 88' lang='lat' dir='ltr'><strong>censuit.</strong></span> <span class='ocrx_word' id='word_1_81' title='bbox 511 1363 543 1450; x_wconf 78' lang='lat'><strong>⁵)</strong></span> <span class='ocrx_word' id='word_1_82' title='bbox 587 1365 754 1431; x_wconf 87' lang='lat' dir='ltr'><strong>Subvenire</strong></span> <span class='ocrx_word' id='word_1_83' title='bbox 783 1365 861 1428; x_wconf 92' lang='lat' dir='ltr'><strong>enim</strong></span> <span class='ocrx_word' id='word_1_84' title='bbox 883 1382 944 1429; x_wconf 95' lang='lat' dir='ltr'><strong>non</strong></span> <span class='ocrx_word' id='word_1_85' title='bbox 974 1364 1092 1428; x_wconf 76' lang='lat' dir='ltr'><strong>habenti</strong></span> <span class='ocrx_word' id='word_1_86' title='bbox 1122 1362 1307 1428; x_wconf 87' lang='lat' dir='ltr'><strong>humanitatis</strong></span> 
     </span>
     <span class='ocr_line' id='line_1_11' title="bbox 215 1477 1308 1562; baseline -0.005 -17"><span class='ocrx_word' id='word_1_87' title='bbox 215 1490 278 1560; x_wconf 98' lang='grc' dir='ltr'><strong>εει,</strong></span> <span class='ocrx_word' id='word_1_88' title='bbox 307 1480 431 1544; x_wconf 90' lang='lat' dir='ltr'><strong>duritiae</strong></span> <span class='ocrx_word' id='word_1_89' title='bbox 460 1486 558 1543; x_wconf 90' lang='lat' dir='ltr'><strong>autem</strong></span> <span class='ocrx_word' id='word_1_90' title='bbox 579 1481 645 1562; x_wconf 91' lang='lat' dir='ltr'><strong>plus</strong></span> <span class='ocrx_word' id='word_1_91' title='bbox 669 1487 868 1560; x_wconf 86' lang='lat' dir='ltr'><strong>extorquere,</strong></span> <span class='ocrx_word' id='word_1_92' title='bbox 900 1497 987 1560; x_wconf 87' lang='lat' dir='ltr'><strong>quam</strong></span> <span class='ocrx_word' id='word_1_93' title='bbox 1018 1477 1146 1542; x_wconf 87' lang='lat' dir='ltr'><strong>dederis.</strong></span> <span class='ocrx_word' id='word_1_94' title='bbox 1190 1477 1308 1542; x_wconf 85' lang='lat' dir='ltr'><strong>Etenim</strong></span> 
     </span>
     <span class='ocr_line' id='line_1_12' title="bbox 215 1590 1309 1678; baseline -0.004 -19"><span class='ocrx_word' id='word_1_95' title='bbox 215 1596 241 1659; x_wconf 89' lang='lat' dir='ltr'><strong>si</strong></span> <span class='ocrx_word' id='word_1_96' title='bbox 262 1595 331 1659; x_wconf 89' lang='lat' dir='ltr'><strong>ideo</strong></span> <span class='ocrx_word' id='word_1_97' title='bbox 354 1594 465 1658; x_wconf 82' lang='lat' dir='ltr'><strong>auxdio</strong></span> <span class='ocrx_word' id='word_1_98' title='bbox 487 1601 539 1658; x_wconf 87' lang='lat' dir='ltr'><strong>tuo</strong></span> <span class='ocrx_word' id='word_1_99' title='bbox 562 1594 659 1678; x_wconf 77' lang='lat' dir='ltr'><strong>eguit,</strong></span> <span class='ocrx_word' id='word_1_100' title='bbox 689 1593 841 1675; x_wconf 86' lang='lat' dir='ltr'><strong>quianon</strong></span> <span class='ocrx_word' id='word_1_101' title='bbox 863 1591 964 1658; x_wconf 87' lang='lat' dir='ltr'><strong>babuit</strong></span> <span class='ocrx_word' id='word_1_102' title='bbox 992 1592 1072 1657; x_wconf 84' lang='lat' dir='ltr'><strong>unde</strong></span> <span class='ocrx_word' id='word_1_103' title='bbox 1095 1592 1134 1656; x_wconf 90' lang='lat' dir='ltr'><strong>dc</strong></span> <span class='ocrx_word' id='word_1_104' title='bbox 1156 1611 1212 1656; x_wconf 85' lang='lat' dir='ltr'><strong>suo</strong></span> <span class='ocrx_word' id='word_1_105' title='bbox 1233 1590 1309 1655; x_wconf 91' lang='lat' dir='ltr'><strong>red-</strong></span> 
     </span>
     <span class='ocr_line' id='line_1_13' title="bbox 217 1706 1310 1788; baseline -0.003 -17"><span class='ocrx_word' id='word_1_106' title='bbox 217 1708 317 1785; x_wconf 89' lang='lat' dir='ltr'><strong>deret;</strong></span> <span class='ocrx_word' id='word_1_107' title='bbox 340 1725 442 1772; x_wconf 91' lang='lat' dir='ltr'><strong>nonne</strong></span> <span class='ocrx_word' id='word_1_108' title='bbox 464 1707 583 1788; x_wconf 86' lang='lat' dir='ltr'><strong>impium</strong></span> <span class='ocrx_word' id='word_1_109' title='bbox 607 1713 672 1786; x_wconf 87' lang='grc' dir='ltr'><strong>εει,</strong></span> <span class='ocrx_word' id='word_1_110' title='bbox 695 1712 727 1768; x_wconf 95' lang='grc' dir='ltr'><strong>ιιι</strong></span> <span class='ocrx_word' id='word_1_111' title='bbox 749 1707 804 1768; x_wconf 91' lang='lat' dir='ltr'><strong>sub</strong></span> <span class='ocrx_word' id='word_1_112' title='bbox 826 1706 1012 1770; x_wconf 88' lang='lat' dir='ltr'><strong>humanitatis</strong></span> <span class='ocrx_word' id='word_1_113' title='bbox 1035 1706 1220 1770; x_wconf 74' lang='lat' dir='ltr'><strong>simulatione</strong></span> <span class='ocrx_word' id='word_1_114' title='bbox 1245 1725 1310 1768; x_wconf 84' lang='lat' dir='ltr'><strong>nm-</strong></span> 
     </span>
     <span class='ocr_line' id='line_1_14' title="bbox 216 1817 1310 1904; baseline -0.004 -19"><span class='ocrx_word' id='word_1_115' title='bbox 216 1823 294 1904; x_wconf 90' lang='lat' dir='ltr'><strong>plius</strong></span> <span class='ocrx_word' id='word_1_116' title='bbox 318 1821 353 1884; x_wconf 92' lang='lat' dir='ltr'><strong>ab</strong></span> <span class='ocrx_word' id='word_1_117' title='bbox 375 1830 415 1886; x_wconf 87' lang='lat' dir='ltr'><strong>eo</strong></span> <span class='ocrx_word' id='word_1_118' title='bbox 438 1837 563 1902; x_wconf 86' lang='lat' dir='ltr'><strong>poscas,</strong></span> <span class='ocrx_word' id='word_1_119' title='bbox 593 1819 643 1900; x_wconf 92' lang='lat' dir='ltr'><strong>qui</strong></span> <span class='ocrx_word' id='word_1_120' title='bbox 672 1837 731 1883; x_wconf 97' lang='lat' dir='ltr'><strong>non</strong></span> <span class='ocrx_word' id='word_1_121' title='bbox 762 1819 889 1884; x_wconf 89' lang='lat' dir='ltr'><strong>babebat</strong></span> <span class='ocrx_word' id='word_1_122' title='bbox 919 1819 998 1882; x_wconf 90' lang='lat' dir='ltr'><strong>unde</strong></span> <span class='ocrx_word' id='word_1_123' title='bbox 1026 1820 1122 1883; x_wconf 85' lang='lat' dir='ltr'><strong>minus</strong></span> <span class='ocrx_word' id='word_1_124' title='bbox 1153 1817 1310 1884; x_wconf 79' lang='lat' dir='ltr'><strong>solveret?</strong></span> 
     </span>
     <span class='ocr_line' id='line_1_15' title="bbox 218 1931 1312 2018; baseline -0.004 -18"><span class='ocrx_word' id='word_1_125' title='bbox 218 1935 361 2000; x_wconf 83' lang='lat' dir='ltr'><strong>Absolvis</strong></span> <span class='ocrx_word' id='word_1_126' title='bbox 388 1934 478 2018; x_wconf 84' lang='lat' dir='ltr'><strong>igitur</strong></span> <span class='ocrx_word' id='word_1_127' title='bbox 500 1932 585 1996; x_wconf 87' lang='lat' dir='ltr'><strong>alteri</strong></span> <span class='ocrx_word' id='word_1_128' title='bbox 608 1931 789 2012; x_wconf 70' lang='lat' dir='ltr'><strong>debitorem,</strong></span> <span class='ocrx_word' id='word_1_129' title='bbox 819 1940 851 1995; x_wconf 90' lang='lat' dir='ltr'><strong>ut</strong></span> <span class='ocrx_word' id='word_1_130' title='bbox 873 1931 1053 1996; x_wconf 84' lang='lat' dir='ltr'><strong>condemnes</strong></span> <span class='ocrx_word' id='word_1_131' title='bbox 1076 1934 1145 2009; x_wconf 88' lang='lat' dir='ltr'><strong>libi;</strong></span> <span class='ocrx_word' id='word_1_132' title='bbox 1177 1938 1208 1996; x_wconf 92' lang='lat' dir='ltr'><strong>et</strong></span> <span class='ocrx_word' id='word_1_133' title='bbox 1235 1933 1312 1996; x_wconf 88' lang='lat' dir='ltr'><strong>banc</strong></span> 
     </span>
     <span class='ocr_line' id='line_1_16' title="bbox 219 2047 1022 2128; baseline -0.004 -15"><span class='ocrx_word' id='word_1_134' title='bbox 219 2048 424 2113; x_wconf 87' lang='lat' dir='ltr'><strong>humanitatem</strong></span> <span class='ocrx_word' id='word_1_135' title='bbox 447 2065 556 2126; x_wconf 86' lang='lat' dir='ltr'><strong>vocas,</strong></span> <span class='ocrx_word' id='word_1_136' title='bbox 578 2047 627 2110; x_wconf 90' lang='lat' dir='ltr'><strong>ubi</strong></span> <span class='ocrx_word' id='word_1_137' title='bbox 651 2053 697 2110; x_wconf 91' lang='grc' dir='ltr'><strong>εει</strong></span> <span class='ocrx_word' id='word_1_138' title='bbox 718 2048 878 2128; x_wconf 86' lang='lat' dir='ltr'><strong>iniquitatis</strong></span> <span class='ocrx_word' id='word_1_139' title='bbox 901 2048 1022 2110; x_wconf 84' lang='lat' dir='ltr'><strong>auctio?</strong></span> 
     </span>
    </p>

    <p class='ocr_par' dir='ltr' id='par_1_4' title="bbox 219 2159 1318 3380">
     <span class='ocr_line' id='line_1_17' title="bbox 300 2159 1313 2245; baseline -0.005 -19"><span class='ocrx_word' id='word_1_140' title='bbox 300 2166 301 2170; x_wconf 76' lang='grc'>’</span> <span class='ocrx_word' id='word_1_141' title='bbox 322 2159 373 2226; x_wconf 86' lang='grc'><strong>21.</strong></span> <span class='ocrx_word' id='word_1_142' title='bbox 417 2161 482 2225; x_wconf 92' lang='lat' dir='ltr'><strong>lloo</strong></span> <span class='ocrx_word' id='word_1_143' title='bbox 503 2167 688 2245; x_wconf 86' lang='lat' dir='ltr'><strong>praestamus</strong></span> <span class='ocrx_word' id='word_1_144' title='bbox 711 2163 819 2224; x_wconf 85' lang='lat' dir='ltr'><strong>ceteris</strong></span> <span class='ocrx_word' id='word_1_145' title='bbox 842 2162 1051 2240; x_wconf 87' lang='lat' dir='ltr'><strong>animantibus,</strong></span> <span class='ocrx_word' id='word_1_146' title='bbox 1075 2159 1154 2242; x_wconf 91' lang='lat' dir='ltr'><strong>quod</strong></span> <span class='ocrx_word' id='word_1_147' title='bbox 1175 2159 1231 2222; x_wconf 91' lang='lat' dir='ltr'><strong>alia</strong></span> <span class='ocrx_word' id='word_1_148' title='bbox 1249 2179 1313 2243; x_wconf 79' lang='lat' dir='ltr'><strong>pe·</strong></span> 
     </span>
     <span class='ocr_line' id='line_1_18' title="bbox 219 2271 1312 2354; baseline 0 -18"><span class='ocrx_word' id='word_1_149' title='bbox 219 2291 291 2337; x_wconf 90' lang='lat' dir='ltr'><strong>nera</strong></span> <span class='ocrx_word' id='word_1_150' title='bbox 322 2273 508 2335; x_wconf 88' lang='lat' dir='ltr'><strong>animantium</strong></span> <span class='ocrx_word' id='word_1_151' title='bbox 538 2271 679 2338; x_wconf 91' lang='lat' dir='ltr'><strong>conlcrre</strong></span> <span class='ocrx_word' id='word_1_152' title='bbox 703 2273 813 2354; x_wconf 87' lang='lat' dir='ltr'><strong>aliquid</strong></span> <span class='ocrx_word' id='word_1_153' title='bbox 835 2275 989 2353; x_wconf 88' lang='lat' dir='ltr'><strong>nesciunt,</strong></span> <span class='ocrx_word' id='word_1_154' title='bbox 1023 2272 1106 2338; x_wconf 86' lang='lat' dir='ltr'><strong>lerao</strong></span> <span class='ocrx_word' id='word_1_155' title='bbox 1128 2278 1225 2337; x_wconf 88' lang='lat' dir='ltr'><strong>autem</strong></span> <span class='ocrx_word' id='word_1_156' title='bbox 1248 2274 1312 2336; x_wconf 86' lang='lat' dir='ltr'><strong>eri-</strong></span> 
     </span>
     <span class='ocr_line' id='line_1_19' title="bbox 220 2383 1314 2471; baseline 0.002 -23"><span class='ocrx_word' id='word_1_157' title='bbox 220 2387 319 2468; x_wconf 86' lang='lat' dir='ltr'><strong>piunt,</strong></span> <span class='ocrx_word' id='word_1_158' title='bbox 352 2386 488 2449; x_wconf 91' lang='lat' dir='ltr'><strong>homines</strong></span> <span class='ocrx_word' id='word_1_159' title='bbox 523 2387 663 2449; x_wconf 87' lang='lat' dir='ltr'><strong>tribuunt.</strong></span> <span class='ocrx_word' id='word_1_160' title='bbox 709 2386 793 2450; x_wconf 90' lang='lat' dir='ltr'><strong>Unde</strong></span> <span class='ocrx_word' id='word_1_161' title='bbox 828 2395 858 2450; x_wconf 87' lang='lat' dir='ltr'><strong>et</strong></span> <span class='ocrx_word' id='word_1_162' title='bbox 891 2387 1041 2468; x_wconf 86' lang='lat' dir='ltr'><strong>psalmista</strong></span> <span class='ocrx_word' id='word_1_163' title='bbox 1072 2389 1125 2451; x_wconf 88' lang='lat' dir='ltr'><strong>ait:</strong></span> <span class='ocrx_word' id='word_1_164' title='bbox 1142 2383 1174 2471; x_wconf 79' lang='lat'><strong>⁶)</strong></span> <span class='ocrx_word' id='word_1_165' title='bbox 1208 2387 1314 2450; x_wconf 82' lang='lat' dir='ltr'><strong>Iustus</strong></span> 
     </span>
     <span class='ocr_line' id='line_1_20' title="bbox 220 2498 1314 2582; baseline 0.002 -20"><span class='ocrx_word' id='word_1_166' title='bbox 220 2501 383 2563; x_wconf 80' lang='lat' dir='ltr'><strong>miseretur</strong></span> <span class='ocrx_word' id='word_1_167' title='bbox 413 2507 443 2560; x_wconf 83' lang='lat' dir='ltr'><strong>et</strong></span> <span class='ocrx_word' id='word_1_168' title='bbox 472 2498 588 2561; x_wconf 72' lang='lat' dir='ltr'><strong>nibcil.</strong></span> <span class='ocrx_word' id='word_1_169' title='bbox 634 2499 709 2564; x_wconf 89' lang='lat' dir='ltr'><strong>Sunt</strong></span> <span class='ocrx_word' id='word_1_170' title='bbox 730 2505 827 2566; x_wconf 88' lang='lat' dir='ltr'><strong>tamen</strong></span> <span class='ocrx_word' id='word_1_171' title='bbox 854 2501 960 2582; x_wconf 88' lang='lat' dir='ltr'><strong>quibus</strong></span> <span class='ocrx_word' id='word_1_172' title='bbox 984 2508 1013 2564; x_wconf 93' lang='lat' dir='ltr'><strong>et</strong></span> <span class='ocrx_word' id='word_1_173' title='bbox 1035 2501 1120 2564; x_wconf 86' lang='lat' dir='ltr'><strong>ierac</strong></span> <span class='ocrx_word' id='word_1_174' title='bbox 1151 2500 1314 2565; x_wconf 80' lang='lat' dir='ltr'><strong>conterant.</strong></span> 
     </span>
     <span class='ocr_line' id='line_1_21' title="bbox 223 2611 1315 2694; baseline 0.001 -16"><span class='ocrx_word' id='word_1_175' title='bbox 223 2612 373 2694; x_wconf 88' lang='lat' dir='ltr'><strong>Siquidem</strong></span> <span class='ocrx_word' id='word_1_176' title='bbox 403 2611 572 2676; x_wconf 85' lang='lat' dir='ltr'><strong>conlatione</strong></span> <span class='ocrx_word' id='word_1_177' title='bbox 599 2611 735 2675; x_wconf 86' lang='lat' dir='ltr'><strong>sobolem</strong></span> <span class='ocrx_word' id='word_1_178' title='bbox 758 2631 840 2676; x_wconf 88' lang='lat' dir='ltr'><strong>suam</strong></span> <span class='ocrx_word' id='word_1_179' title='bbox 871 2615 1002 2677; x_wconf 85' lang='lat' dir='ltr'><strong>nutriunt</strong></span> <span class='ocrx_word' id='word_1_180' title='bbox 1023 2621 1053 2678; x_wconf 91' lang='lat' dir='ltr'><strong>et</strong></span> <span class='ocrx_word' id='word_1_181' title='bbox 1075 2633 1146 2678; x_wconf 89' lang='lat' dir='ltr'><strong>aves</strong></span> <span class='ocrx_word' id='word_1_182' title='bbox 1170 2617 1236 2679; x_wconf 92' lang='lat' dir='ltr'><strong>cibo</strong></span> <span class='ocrx_word' id='word_1_183' title='bbox 1259 2632 1315 2679; x_wconf 91' lang='lat' dir='ltr'><strong>suo</strong></span> 
     </span>
     <span class='ocr_line' id='line_1_22' title="bbox 223 2725 1316 2809; baseline 0.003 -20"><span class='ocrx_word' id='word_1_184' title='bbox 223 2727 320 2809; x_wconf 90' lang='lat' dir='ltr'><strong>pullos</strong></span> <span class='ocrx_word' id='word_1_185' title='bbox 343 2726 448 2789; x_wconf 84' lang='lat' dir='ltr'><strong>saliant</strong></span> <span class='ocrx_word' id='word_1_186' title='bbox 469 2742 558 2802; x_wconf 89' lang='lat' dir='ltr'><strong>suos;</strong></span> <span class='ocrx_word' id='word_1_187' title='bbox 581 2725 691 2788; x_wconf 91' lang='lat' dir='ltr'><strong>bomini</strong></span> <span class='ocrx_word' id='word_1_188' title='bbox 714 2734 812 2790; x_wconf 87' lang='lat' dir='ltr'><strong>aulem</strong></span> <span class='ocrx_word' id='word_1_189' title='bbox 835 2728 891 2791; x_wconf 92' lang='lat' dir='ltr'><strong>soli</strong></span> <span class='ocrx_word' id='word_1_190' title='bbox 914 2729 1051 2794; x_wconf 85' lang='lat' dir='ltr'><strong>tributum</strong></span> <span class='ocrx_word' id='word_1_191' title='bbox 1075 2737 1138 2808; x_wconf 91' lang='grc' dir='ltr'><strong>εει,</strong></span> <span class='ocrx_word' id='word_1_192' title='bbox 1161 2735 1193 2791; x_wconf 88' lang='grc' dir='ltr'><strong>ιι</strong></span> <span class='ocrx_word' id='word_1_193' title='bbox 1212 2744 1316 2792; x_wconf 86' lang='lat' dir='ltr'><strong>omnes</strong></span> 
     </span>
     <span class='ocr_line' id='line_1_23' title="bbox 224 2839 1315 2923; baseline 0.003 -21"><span class='ocrx_word' id='word_1_194' title='bbox 224 2846 371 2920; x_wconf 86' lang='lat' dir='ltr'><strong>tamquam</strong></span> <span class='ocrx_word' id='word_1_195' title='bbox 393 2856 466 2902; x_wconf 88' lang='lat' dir='ltr'><strong>suos</strong></span> <span class='ocrx_word' id='word_1_196' title='bbox 491 2845 599 2920; x_wconf 87' lang='lat' dir='ltr'><strong>pascat.</strong></span> <span class='ocrx_word' id='word_1_197' title='bbox 645 2839 740 2902; x_wconf 85' lang='lat' dir='ltr'><strong>Debet</strong></span> <span class='ocrx_word' id='word_1_198' title='bbox 768 2841 847 2903; x_wconf 89' lang='lat' dir='ltr'><strong>istud</strong></span> <span class='ocrx_word' id='word_1_199' title='bbox 873 2843 937 2923; x_wconf 91' lang='lat' dir='ltr'><strong>ipso</strong></span> <span class='ocrx_word' id='word_1_200' title='bbox 964 2848 1086 2906; x_wconf 85' lang='lat' dir='ltr'><strong>naturae</strong></span> <span class='ocrx_word' id='word_1_201' title='bbox 1109 2843 1182 2904; x_wconf 89' lang='lat' dir='ltr'><strong>iure.</strong></span> <span class='ocrx_word' id='word_1_202' title='bbox 1228 2839 1315 2916; x_wconf 83' lang='lat' dir='ltr'><strong>Quod</strong></span> 
     </span>
     <span class='ocr_line' id='line_1_24' title="bbox 226 2953 1317 3036; baseline 0 -19"><span class='ocrx_word' id='word_1_203' title='bbox 226 2956 252 3017; x_wconf 89' lang='lat' dir='ltr'><strong>si</strong></span> <span class='ocrx_word' id='word_1_204' title='bbox 274 2954 426 3017; x_wconf 89' lang='lat' dir='ltr'><strong>nonlicet</strong></span> <span class='ocrx_word' id='word_1_205' title='bbox 448 2971 508 3016; x_wconf 93' lang='lat' dir='ltr'><strong>non</strong></span> <span class='ocrx_word' id='word_1_206' title='bbox 532 2953 620 3033; x_wconf 89' lang='lat' dir='ltr'><strong>dare,</strong></span> <span class='ocrx_word' id='word_1_207' title='bbox 650 2954 800 3035; x_wconf 91' lang='lat' dir='ltr'><strong>quomodo</strong></span> <span class='ocrx_word' id='word_1_208' title='bbox 830 2956 989 3020; x_wconf 81' lang='lat' dir='ltr'><strong>detrahere</strong></span> <span class='ocrx_word' id='word_1_209' title='bbox 1010 2957 1105 3020; x_wconf 83' lang='lat' dir='ltr'><strong>licet?</strong></span> <span class='ocrx_word' id='word_1_210' title='bbox 1149 2955 1213 3018; x_wconf 89' lang='lat' dir='ltr'><strong>Nec</strong></span> <span class='ocrx_word' id='word_1_211' title='bbox 1235 2957 1317 3036; x_wconf 87' lang='lat' dir='ltr'><strong>ipsae</strong></span> 
     </span>
     <span class='ocr_line' id='line_1_25' title="bbox 225 3067 1318 3152; baseline 0.005 -22"><span class='ocrx_word' id='word_1_212' title='bbox 225 3067 311 3150; x_wconf 85' lang='lat' dir='ltr'><strong>leges</strong></span> <span class='ocrx_word' id='word_1_213' title='bbox 336 3085 391 3130; x_wconf 91' lang='lat' dir='ltr'><strong>nos</strong></span> <span class='ocrx_word' id='word_1_214' title='bbox 416 3067 547 3132; x_wconf 84' lang='lat' dir='ltr'><strong>docent?</strong></span> <span class='ocrx_word' id='word_1_215' title='bbox 581 3088 659 3152; x_wconf 88' lang='lat' dir='ltr'><strong>quae</strong></span> <span class='ocrx_word' id='word_1_216' title='bbox 682 3089 736 3151; x_wconf 88' lang='lat' dir='ltr'><strong>ea,</strong></span> <span class='ocrx_word' id='word_1_217' title='bbox 768 3091 845 3152; x_wconf 87' lang='lat' dir='ltr'><strong>quac</strong></span> <span class='ocrx_word' id='word_1_218' title='bbox 876 3072 1005 3137; x_wconf 78' lang='lat' dir='ltr'><strong>detracta</strong></span> <span class='ocrx_word' id='word_1_219' title='bbox 1036 3080 1105 3136; x_wconf 90' lang='lat' dir='ltr'><strong>sunt</strong></span> <span class='ocrx_word' id='word_1_220' title='bbox 1134 3074 1221 3136; x_wconf 90' lang='lat' dir='ltr'><strong>alicui</strong></span> <span class='ocrx_word' id='word_1_221' title='bbox 1252 3090 1318 3135; x_wconf 91' lang='lat' dir='ltr'><strong>cum</strong></span> 
     </span>
     <span class='ocr_line' id='line_1_26' title="bbox 226 3183 1317 3268; baseline 0.003 -22"><span class='ocrx_word' id='word_1_222' title='bbox 226 3183 332 3247; x_wconf 90' lang='lat' dir='ltr'><strong>iniuria</strong></span> <span class='ocrx_word' id='word_1_223' title='bbox 360 3200 509 3264; x_wconf 86' lang='lat' dir='ltr'><strong>personae</strong></span> <span class='ocrx_word' id='word_1_224' title='bbox 531 3190 580 3248; x_wconf 86' lang='lat' dir='ltr'><strong>aut</strong></span> <span class='ocrx_word' id='word_1_225' title='bbox 602 3186 647 3250; x_wconf 90' lang='lat' dir='ltr'><strong>rei</strong></span> <span class='ocrx_word' id='word_1_226' title='bbox 669 3187 779 3268; x_wconf 87' lang='lat' dir='ltr'><strong>ipsius,</strong></span> <span class='ocrx_word' id='word_1_227' title='bbox 814 3187 931 3250; x_wconf 91' lang='lat' dir='ltr'><strong>cumulo</strong></span> <span class='ocrx_word' id='word_1_228' title='bbox 961 3189 1076 3251; x_wconf 86' lang='lat' dir='ltr'><strong>restitui</strong></span> <span class='ocrx_word' id='word_1_229' title='bbox 1106 3187 1225 3268; x_wconf 82' lang='lat' dir='ltr'><strong>iubent,</strong></span> <span class='ocrx_word' id='word_1_230' title='bbox 1259 3204 1317 3268; x_wconf 85' lang='lat' dir='ltr'><strong>quo</strong></span> 
     </span>
     <span class='ocr_line' id='line_1_27' title="bbox 228 3296 1318 3380; baseline 0.003 -21"><span class='ocrx_word' id='word_1_231' title='bbox 228 3296 324 3360; x_wconf 85' lang='lat' dir='ltr'><strong>iurem</strong></span> <span class='ocrx_word' id='word_1_232' title='bbox 340 3317 356 3360; x_wconf 94' lang='lat' dir='ltr'><strong>a</strong></span> <span class='ocrx_word' id='word_1_233' title='bbox 372 3297 554 3361; x_wconf 87' lang='lat' dir='ltr'><strong>detrahendo</strong></span> <span class='ocrx_word' id='word_1_234' title='bbox 578 3305 627 3363; x_wconf 89' lang='lat' dir='ltr'><strong>aut</strong></span> <span class='ocrx_word' id='word_1_235' title='bbox 648 3300 754 3380; x_wconf 92' lang='lat' dir='ltr'><strong>poenis</strong></span> <span class='ocrx_word' id='word_1_236' title='bbox 778 3299 961 3380; x_wconf 89' lang='lat' dir='ltr'><strong>deterreant,</strong></span> <span class='ocrx_word' id='word_1_237' title='bbox 984 3307 1033 3364; x_wconf 90' lang='lat' dir='ltr'><strong>aut</strong></span> <span class='ocrx_word' id='word_1_238' title='bbox 1057 3301 1144 3364; x_wconf 87' lang='lat' dir='ltr'><strong>multa</strong></span> <span class='ocrx_word' id='word_1_239' title='bbox 1166 3305 1318 3365; x_wconf 82' lang='lat' dir='ltr'><strong>revocent</strong></span> 
     </span>
    </p>

    <p class='ocr_par' dir='ltr' id='par_1_5' title="bbox 229 3411 1321 3840">
     <span class='ocr_line' id='line_1_28' title="bbox 315 3411 1320 3497; baseline 0 -19"><span class='ocrx_word' id='word_1_240' title='bbox 315 3411 366 3478; x_wconf 81' lang='lat'><strong>22.</strong></span> <span class='ocrx_word' id='word_1_241' title='bbox 409 3413 490 3476; x_wconf 89' lang='lat' dir='ltr'><strong>Pone</strong></span> <span class='ocrx_word' id='word_1_242' title='bbox 519 3418 617 3477; x_wconf 90' lang='lat' dir='ltr'><strong>tamen</strong></span> <span class='ocrx_word' id='word_1_243' title='bbox 650 3413 730 3495; x_wconf 91' lang='lat' dir='ltr'><strong>quod</strong></span> <span class='ocrx_word' id='word_1_244' title='bbox 759 3413 865 3495; x_wconf 88' lang='lat' dir='ltr'><strong>aliquis</strong></span> <span class='ocrx_word' id='word_1_245' title='bbox 895 3416 992 3496; x_wconf 89' lang='lat' dir='ltr'><strong>possit</strong></span> <span class='ocrx_word' id='word_1_246' title='bbox 1022 3422 1073 3478; x_wconf 91' lang='lat' dir='ltr'><strong>aut</strong></span> <span class='ocrx_word' id='word_1_247' title='bbox 1103 3433 1230 3497; x_wconf 89' lang='lat' dir='ltr'><strong>poenam</strong></span> <span class='ocrx_word' id='word_1_248' title='bbox 1258 3432 1320 3478; x_wconf 89' lang='lat' dir='ltr'><strong>non</strong></span> 
     </span>
     <span class='ocr_line' id='line_1_29' title="bbox 229 3526 1320 3612; baseline 0.003 -23"><span class='ocrx_word' id='word_1_249' title='bbox 229 3527 346 3606; x_wconf 86' lang='lat' dir='ltr'><strong>timere,</strong></span> <span class='ocrx_word' id='word_1_250' title='bbox 379 3531 429 3588; x_wconf 91' lang='lat' dir='ltr'><strong>aut</strong></span> <span class='ocrx_word' id='word_1_251' title='bbox 458 3527 565 3590; x_wconf 87' lang='lat' dir='ltr'><strong>multae</strong></span> <span class='ocrx_word' id='word_1_252' title='bbox 593 3526 743 3602; x_wconf 89' lang='lat' dir='ltr'><strong>inludere;</strong></span> <span class='ocrx_word' id='word_1_253' title='bbox 774 3528 915 3608; x_wconf 88' lang='lat' dir='ltr'><strong>numquid</strong></span> <span class='ocrx_word' id='word_1_254' title='bbox 944 3528 1065 3611; x_wconf 86' lang='lat' dir='ltr'><strong>dignum</strong></span> <span class='ocrx_word' id='word_1_255' title='bbox 1098 3536 1144 3592; x_wconf 90' lang='lat' dir='ltr'><strong>est</strong></span> <span class='ocrx_word' id='word_1_256' title='bbox 1172 3537 1205 3594; x_wconf 89' lang='grc' dir='ltr'><strong>ιιι</strong></span> <span class='ocrx_word' id='word_1_257' title='bbox 1230 3530 1320 3612; x_wconf 82' lang='lat' dir='ltr'><strong>aliqui</strong></span> 
     </span>
     <span class='ocr_line' id='line_1_30' title="bbox 231 3641 1320 3734; baseline 0.004 -29"><span class='ocrx_word' id='word_1_258' title='bbox 231 3641 317 3705; x_wconf 89' lang='lat' dir='ltr'><strong>alteri</strong></span> <span class='ocrx_word' id='word_1_259' title='bbox 336 3641 514 3704; x_wconf 83' lang='lat' dir='ltr'><strong>detrabunt?</strong></span> <span class='ocrx_word' id='word_1_260' title='bbox 559 3641 675 3708; x_wconf 87' lang='lat' dir='ltr'><strong>Servila</strong></span> <span class='ocrx_word' id='word_1_261' title='bbox 698 3642 876 3734; x_wconf 23' lang='lat' dir='ltr'><strong>boc&#39;vitium</strong></span> <span class='ocrx_word' id='word_1_262' title='bbox 892 3650 922 3706; x_wconf 90' lang='lat' dir='ltr'><strong>et</strong></span> <span class='ocrx_word' id='word_1_263' title='bbox 937 3643 1079 3707; x_wconf 82' lang='lat' dir='ltr'><strong>familiare</strong></span> <span class='ocrx_word' id='word_1_264' title='bbox 1102 3645 1220 3708; x_wconf 86' lang='lat' dir='ltr'><strong>ultimae</strong></span> <span class='ocrx_word' id='word_1_265' title='bbox 1243 3663 1320 3708; x_wconf 91' lang='lat' dir='ltr'><strong>con-</strong></span> 
     </span>
     <span class='ocr_line' id='line_1_31' title="bbox 232 3753 1321 3840; baseline 0.003 -23"><span class='ocrx_word' id='word_1_266' title='bbox 232 3755 341 3819; x_wconf 90' lang='lat' dir='ltr'><strong>dicioni</strong></span> <span class='ocrx_word' id='word_1_267' title='bbox 347 3775 357 3832; x_wconf 90' lang='lat'>;</span> <span class='ocrx_word' id='word_1_268' title='bbox 382 3753 458 3820; x_wconf 87' lang='lat' dir='ltr'><strong>adeo</strong></span> <span class='ocrx_word' id='word_1_269' title='bbox 481 3759 584 3818; x_wconf 88' lang='lat' dir='ltr'><strong>contra</strong></span> <span class='ocrx_word' id='word_1_270' title='bbox 606 3759 747 3833; x_wconf 84' lang='lat' dir='ltr'><strong>naturam,</strong></span> <span class='ocrx_word' id='word_1_271' title='bbox 771 3761 803 3816; x_wconf 92' lang='lat' dir='ltr'><strong>ut</strong></span> <span class='ocrx_word' id='word_1_272' title='bbox 818 3757 917 3838; x_wconf 90' lang='lat' dir='ltr'><strong>inopia</strong></span> <span class='ocrx_word' id='word_1_273' title='bbox 939 3758 1034 3839; x_wconf 79' lang='lat' dir='ltr'><strong>magis</strong></span> <span class='ocrx_word' id='word_1_274' title='bbox 1058 3757 1116 3821; x_wconf 93' lang='lat' dir='ltr'><strong>boc</strong></span> <span class='ocrx_word' id='word_1_275' title='bbox 1138 3765 1321 3840; x_wconf 85' lang='lat' dir='ltr'><strong>extorquere</strong></span> 
     </span>
    </p>
   </div>
   <div class='ocr_carea' id='block_1_3' title="bbox 235 3999 1321 4182">
    <p class='ocr_par' dir='ltr' id='par_1_6' title="bbox 235 3999 1321 4182">
     <span class='ocr_line' id='line_1_32' title="bbox 305 3999 1321 4096; baseline 0.004 -22"><span class='ocrx_word' id='word_1_276' title='bbox 305 3999 1321 4096; x_wconf 56' lang='lat' dir='ltr'><strong>ommmummaummaum.</strong></span> 
     </span>
     <span class='ocr_line' id='line_1_33' title="bbox 235 4107 985 4182; baseline 0 -18"><span class='ocrx_word' id='word_1_277' title='bbox 235 4108 278 4182; x_wconf 80' lang='grc'><strong>19,</strong></span> <span class='ocrx_word' id='word_1_278' title='bbox 297 4108 338 4162; x_wconf 80' lang='grc'><strong>13.</strong></span> <span class='ocrx_word' id='word_1_279' title='bbox 408 4109 437 4177; x_wconf 88' lang='grc'><strong>5)</strong></span> <span class='ocrx_word' id='word_1_280' title='bbox 456 4107 531 4164; x_wconf 87' lang='lat' dir='ltr'><strong>Deut.</strong></span> <span class='ocrx_word' id='word_1_281' title='bbox 550 4109 595 4177; x_wconf 76' lang='lat'><strong>2³,</strong></span> <span class='ocrx_word' id='word_1_282' title='bbox 614 4109 655 4165; x_wconf 86' lang='grc'><strong>19.</strong></span> <span class='ocrx_word' id='word_1_283' title='bbox 725 4110 754 4181; x_wconf 78' lang='grc'><strong>6)</strong></span> <span class='ocrx_word' id='word_1_284' title='bbox 772 4110 863 4167; x_wconf 83' lang='lat' dir='ltr'><strong>Paalm.</strong></span> <span class='ocrx_word' id='word_1_285' title='bbox 881 4109 925 4178; x_wconf 84' lang='grc'><strong>36,</strong></span> <span class='ocrx_word' id='word_1_286' title='bbox 943 4110 985 4165; x_wconf 77' lang='lat' dir='ltr'><strong>tt.</strong></span> 
     </span>
    </p>
   </div>
   <div class='ocr_carea' id='block_1_4' title="bbox 0 0 1521 4706">
    <p class='ocr_par' dir='ltr' id='par_1_7' title="bbox 0 0 1521 4706">
     <span class='ocr_line' id='line_1_34' title="bbox 0 0 1521 4706; baseline 0 0"><span class='ocrx_word' id='word_1_287' title='bbox 0 0 1521 4706; x_wconf 95' lang='lat' dir='ltr'><strong> </strong></span> 
     </span>
    </p>
   </div>
  </div>
 </body>
</html>
