2932 4700
589 384 615 447 Ι.
634 383 797 450 dmm.
1194 383 1239 460 ss

143 569 255 618 navem
276 552 562 638 adpropinquantem
583 553 673 632 litori,
695 554 725 616 in
748 571 805 636 qua
827 557 893 618 erat
907 551 1060 618 mubitado
1076 553 1238 620 albatorum

143 667 288 730 virorum
333 667 446 742 Quibus
481 663 731 730 descendentibus
765 665 802 729 ad
836 672 945 730 terram
979 683 1044 728 cum
1076 683 1166 730 unum
1200 666 1239 730 de

143 779 233 842 turba
257 779 484 861 deprecaretur,
506 787 539 844 ul
561 781 653 844 seirat
676 781 726 862 qui
749 786 852 845 essent
873 781 946 860 viri,
973 779 1083 842 audivit
1105 779 1239 844 Ambro-

144 895 222 957 sium
246 894 369 976 eiusque
391 900 566 958 consortes:
589 911 648 976 quo
671 892 771 958 audito
795 895 914 958 nomine
935 911 1001 957 eum
1017 892 1239 975 deprecaretur,

143 1014 179 1070 ut
201 1007 300 1070 lumen
322 1008 485 1088 reciperet,
509 1005 620 1070 audivit
641 1005 677 1069 ab
701 1023 754 1070 eo:
783 1005 878 1088 Perpe
901 1005 1110 1071 Mediolanum
1131 1015 1161 1069 et
1183 1025 1237 1071 oe·

145 1138 239 1183 carre
258 1119 414 1202 frahihas
436 1121 528 1198 meis,
551 1121 605 1202 qai
627 1121 682 1184 illa
704 1120 829 1184 centeri
851 1128 941 1200 ruat,
969 1121 1127 1206 designans
1151 1120 1237 1202 diem,

145 1243 178 1296 et
199 1234 334 1313 recipiar
356 1235 465 1298 lamen.
503 1234 574 1298 Erat
597 1235 675 1299 enim
697 1235 752 1315 vir,
776 1239 807 1297 ut
826 1234 891 1316 ipse
907 1234 1074 1316 adparebat,
1096 1234 1239 1299 delitare
1289 1297 1291 1304 .

145 1347 321 1428 Delmatino,
344 1365 402 1411 nee
424 1365 458 1410 se
482 1349 604 1412 uenisse
626 1355 694 1411 ante
718 1349 747 1410 in
770 1348 917 1411 civilatem
941 1347 1114 1428 moerebat,
1137 1351 1238 1431 prius-

145 1479 234 1542 quam
263 1469 347 1526 realo
377 1462 484 1526 itinere
514 1461 647 1572 reliquiis
678 1468 847 1525 sanatorum
878 1463 1077 1542 occurrisset,
1107 1461 1238 1526 nondum

145 1573 271 1653 uidens;
294 1575 348 1638 sed
371 1581 450 1639 laeto
471 1535 576 1637 loculd
593 1571 697 1636 videre
719 1574 867 1657 coepisse.

233 1685 284 1753 53.
329 1689 381 1750 llis
409 1689 507 1770 itaque
537 1686 670 1752 decursis
700 1704 760 1751 non
790 1689 918 1752 arbitror
946 1705 1040 1772 greve
1069 1687 1181 1767 uideri,
1212 1688 1239 1751 si

145 1801 294 1884 paululum
317 1801 525 1884 promissionis
546 1806 667 1864 nostrae
689 1807 783 1862 metas
806 1800 1043 1880 excesserimus,
1073 1806 1106 1862 ut
1129 1798 1237 1864 domini
1289 1870 1294 1879 Ι

147 1917 272 1996 dictum,
296 1915 376 1997 quod
399 1911 457 1997 per‘
477 1931 511 1977 os
535 1921 703 1978 sanctorum
725 1913 937 1996 prophetarum
959 1915 1076 1978 locutus
1099 1919 1160 1994 est,
1186 1914 1237 1976 in·

145 2031 255 2113 pletum
285 2048 354 2093 esse
383 2028 558 2092 doceamus:
590 2028 747 2092 dedentem
770 2031 923 2092 adaerere
943 2027 1075 2108 fratrem
1098 2045 1187 2091 suam
1208 2037 1240 2092 et

146 2143 355 2206 detrahentem
383 2143 503 2207 occulte
530 2143 742 2224 persequebar
749 2163 761 2216 ;
780 2140 808 2225 ¹)
840 2149 869 2206 et
890 2142 976 2205 alibi:
1010 2143 1084 2205 Noli
1106 2142 1238 2222 dilipere
1304 2168 1311 2182 ¹

146 2259 328 2335 detrahere,
360 2275 400 2318 ae
427 2256 616 2332 eradiceris,
633 2251 665 2337 ²)
696 2261 728 2318 ut
755 2256 934 2335 quicumque
962 2253 1041 2317 iorte
1070 2251 1237 2316 huiusmodi

146 2377 250 2453 ceptus
273 2377 319 2434 est
341 2369 567 2448 consuetudine,
590 2385 657 2431 eum
678 2366 787 2450 legerit
808 2367 935 2448 qualiter
953 2367 1043 2447 iniis,
1067 2369 1116 2449 qui
1132 2373 1236 2432 sancio

144 2485 210 2547 viro
235 2483 393 2547 detrahere
417 2486 481 2547 ausi
504 2489 582 2562 sunl,
605 2481 693 2545 luerit
715 2480 903 2562 vindicatum,
926 2481 991 2563 ipse
1014 2482 1100 2545 etiam
1124 2482 1154 2545 in
1172 2481 1237 2545 aliis

16 2593 20 2616 ¹
145 2599 328 2662 emendetur.

231 2710 281 2776 54.
327 2713 418 2796 Igitur
433 2712 567 2776 Donatus
588 2711 705 2793 quidam
721 2713 841 2775 natione
856 2709 941 2792 hier,
963 2688 1124 2794 presbyter
1139 2717 1236 2773 tamen

144 2827 292 2891 ecelesiae
307 2828 548 2907 Mediolanensis‚
571 2845 637 2890 eum
660 2829 690 2890 in
713 2827 852 2890 convivio
875 2827 999 2908 posituS,
1022 2825 1051 2887 in
1075 2842 1134 2906 quo
1153 2828 1237 2887 erant

143 2943 277 3006 nonnulli
299 2943 439 3006 militares
458 2944 515 3007 viri
531 2944 675 3026 religiosi,
699 2943 868 3006 detraheret
884 2943 1044 3006 memoriae
1060 2942 1235 3022 sacerdolis‚

144 3057 371 3138 aspamantibus
403 3057 460 3119 illis
494 3063 523 3119 et
557 3057 761 3121 deserentibus
795 3057 926 3141 linguam
958 3076 1101 3139 nequam,
1138 3058 1236 3120 subito

143 3169 269 3233 uulnere
292 3189 453 3253 percussus
476 3174 562 3256 gravi
584 3172 622 3234 de
642 3173 747 3235 eodem
762 3174 841 3251 loco,
864 3173 894 3234 in
910 3190 969 3254 quo
986 3171 1109 3250 iacebat,
1133 3171 1236 3234 alienis

144 3283 277 3345 menibus
309 3283 439 3346 sublatus
470 3284 501 3346 in
531 3283 669 3346 lectulum
698 3285 813 3365 positus
845 3291 890 3346 est
920 3291 1008 3366 atque
1030 3284 1100 3347 inde
1122 3282 1158 3348 ad
1181 3301 1236 3347 se-

144 3395 298 3477 pulchrum
321 3413 416 3478 usque
440 3396 592 3461 deductus.
637 3399 668 3461 ln
696 3401 770 3462 urbe
800 3399 887 3462 eliam
909 3399 1147 3482 Karthaginiensi
1170 3417 1236 3461 cum

144 3508 223 3592 apud
252 3510 443 3574 Fortunatam
476 3513 646 3594 diaconem,
680 3512 799 3577 iratrem
829 3513 1007 3576 venerabilis
1037 3513 1094 3575 viri
1122 3512 1236 3577 Aurelii

145 3625 288 3707 episcopi,
312 3624 349 3688 ed
372 3627 539 3690 convivium
562 3629 770 3692 convenissem
792 3647 851 3691 una
872 3647 938 3692 aum
954 3628 1109 3691 Vincentio
1126 3627 1236 3692 Colos-

144 3739 242 3803 sitano
266 3741 419 3823 episeopo,
442 3741 567 3804 Murano
591 3743 677 3806 etiam
700 3743 842 3824 episcopo
866 3741 1017 3823 Bollane,
1041 3743 1095 3806 sed
1120 3749 1149 3805 el
1171 3742 1235 3806 eliis

146 3853 295 3935 episcopis
331 3861 360 3916 et
398 3854 588 3936 diaconibus,
625 3864 695 3920 tuno
729 3858 853 3920 Murano
891 3859 1033 3940 episeopo
1071 3857 1236 3921 detrahenti

145 3975 249 4030 sanato
273 3969 340 4032 viro
362 3970 450 4034 retuli
474 3972 583 4034 exitum
606 3972 776 4054 presbyteri
798 3972 935 4055 superius
957 3973 1127 4052 memorati,
1155 3970 1234 4054 quod

148 4121 356 4133 ——uu—a-u

216 4208 245 4278 1)
262 4209 353 4265 Pselm.
373 4210 433 4279 100,
451 4211 475 4264 5.
545 4210 576 4279 2)
594 4208 667 4266 Prov.
687 4209 729 4278 20,
752 4210 793 4263 13.
