2976 4706
670 367 695 422 S.
714 365 871 424 mutasti

586 577 758 646 CAPUT
790 580 952 650 XXXIV.

393 741 449 796 Alia
468 742 589 796 nonnulla
607 742 797 797 benivolentiae
815 743 948 798 commoda
966 753 1145 800 memorantur.

309 881 380 947 173.
424 883 628 976 B-anivolentia
659 889 747 949 etiam
777 886 906 970 gladium
938 887 1110 952 iracundiae
1133 895 1319 970 extorquere

221 998 385 1062 consuevit.
437 997 640 1062 Benivolentia
670 997 740 1062 iacit
766 981 801 1062 ¹ut
829 1002 915 1065 amici
944 1001 1067 1066 vulnera
1096 1001 1195 1080 utilia,
1230 1021 1317 1082 quam

223 1110 390 1174 voluntaria
424 1083 533 1174 inimici
565 1113 667 1176 oscula
691 1114 757 1176 sint.
778 1111 805 1196 ¹)
849 1113 1052 1179 Benivolentia
1081 1113 1152 1178 iacit
1183 1121 1215 1177 ut
1242 1131 1319 1178 unus

221 1223 271 1287 liat
292 1242 331 1286 ex
352 1225 497 1305 pluribus,
520 1224 677 1304 quoniam,
701 1225 726 1287 si
749 1203 958 1306 plures'amioi
981 1226 1056 1306 sint,
1078 1241 1154 1288 unus
1177 1224 1266 1304 liunt,
1289 1226 1319 1288 in

223 1336 329 1416 quibus
360 1355 438 1400 unus
468 1339 589 1419 spiritus
619 1343 649 1400 et
677 1355 735 1400 una
757 1339 903 1402 sententia
925 1345 978 1404 est.
1026 1339 1117 1404 Simul
1140 1337 1320 1402 advertimus

223 1448 310 1512 etiam
332 1451 543 1532 correptiones
560 1448 590 1510 ia
608 1449 734 1512 amicitia
749 1457 850 1532 gratas
867 1467 946 1530 esse,
970 1469 1047 1531 quae
1063 1449 1184 1513 aculeos
1199 1448 1318 1530 habent,

221 1559 343 1624 dolores
366 1579 426 1626 non
452 1563 569 1625 habent.
609 1560 834 1645 Conpuagimur
856 1563 935 1625 enim
958 1562 1105 1626 censoriis
1121 1562 1319 1641 sermonibus,

222 1673 277 1735 sed
300 1674 520 1738 benivolentiae
544 1674 724 1737 delectamur
746 1674 912 1738 sedulitate.

312 1785 383 1852 174.
428 1787 475 1850 Ad
499 1805 660 1852 summam:
691 1805 752 1851 non
781 1789 917 1868 omnihus
946 1786 1051 1851 eadem
1081 1803 1201 1870 semper
1223 1785 1321 1852 officia

222 1899 384 1980 debentur,
415 1918 473 1964 nac
496 1916 691 1981 personarum
716 1917 852 1981 semper,
879 1899 933 1962 sed
956 1899 1132 1982 plerumque
1162 1915 1319 1963 causarum

222 2019 252 2076 et
268 2019 433 2096 temporum
452 2014 653 2095 praelationes
669 2019 747 2092 sunt,
770 2019 803 2076 ut
819 2014 947 2076 vicinum
963 2015 1029 2096 quis
1049 2012 1195 2078 interdaua
1213 2015 1318 2096 magis,

222 2147 309 2208 quam
332 2127 453 2192 fratrem
476 2128 630 2193 adiuverit
675 2128 820 2202 Quoniam
842 2135 872 2191 et
887 2128 1027 2194 Salomon
1051 2117 1138 2191 dicit:
1152 2125 1184 2211 ²)
1207 2127 1321 2191 Melior

221 2241 344 2303 elciaco
366 2241 401 2301 ia
419 2242 585 2322 prosimu,
617 2257 709 2320 quom
736 2240 839 2320 frater
869 2239 958 2320 lampa
989 2239 1144 2303 dubitans.
1189 2239 1225 2303 Et
1248 2239 1318 2304 ideo

220 2353 395 2434 plerumque
429 2353 513 2416 amici
548 2371 583 2416 se
612 2353 834 2417 benivolentiae
867 2353 994 2434 quisque
1029 2355 1197 2433 committit,
1231 2372 1319 2435 quam

221 2466 321 2530 fratris
343 2467 563 2531 necessitudini.
609 2468 733 2530 Tantum
751 2467 829 2529 valet
848 2467 1066 2547 benivolentia,
1087 2474 1120 2530 ut
1142 2467 1318 2549 plerumque

221 2579 348 2660 pignora
371 2580 469 2642 vincat
489 2587 622 2642 naturae.

594 2845 765 2912 CAPUT
799 2845 943 2915 XXXV.

222 3010 262 3062 lla
286 3010 449 3076 tortitudine,
476 3024 542 3079 quae
567 3009 687 3062 dividitur
710 3011 734 3061 in
759 3009 877 3064 bellicam
902 3021 978 3082 atque
1005 3013 1186 3066 domesticam:
1214 3014 1319 3081 primam

223 3099 278 3151 sine
297 3099 391 3150 iustitia
404 3106 430 3149 et
442 3097 578 3167 prudentia
595 3099 715 3151 virtatem
732 3113 784 3149 aon
804 3115 870 3166 esse,
890 3100 995 3154 alteram
1013 3101 1123 3153 maxime
1141 3101 1167 3154 ia
1185 3099 1320 3152 tolerantia

675 3201 732 3237 asse
750 3183 877 3254 positam.¹

312 3324 383 3391 175.
429 3327 507 3393 Satis
531 3328 656 3409 copiose
679 3328 807 3394 iustitiae
829 3328 897 3392 loco
919 3329 1038 3392 honesti
1061 3336 1196 3393 naturam
1216 3335 1246 3390 et
1261 3328 1320 3391 vim

222 3419 420 3504 tractavimus.
465 3441 552 3505 Nunc
568 3442 606 3505 de
622 3441 795 3506 tortitudine
814 3448 989 3522 tractemus,
1012 3461 1089 3523 quae
1111 3441 1192 3506 velut
1213 3441 1319 3506 excel-

224 3554 286 3616 sior
312 3555 421 3616 ceteris
451 3554 590 3617 dividitur
612 3553 643 3615 in
664 3571 714 3615 res
738 3552 859 3615 bellicas
883 3557 914 3615 et
936 3552 1123 3618 domesticas.
1168 3550 1228 3618 Sed
1249 3552 1320 3616 bel-

223 3666 346 3730 licarum
376 3685 477 3730 rerum
506 3667 633 3731 studium
656 3685 673 3730 a
695 3673 800 3730 nostro
832 3666 931 3731 oificio
955 3667 1012 3730 iam
1034 3668 1163 3730 alienum
1192 3665 1320 3745 videtur,

211 3775 293 3858 'quia
315 3779 405 3841 animi
426 3779 537 3863 magis,
568 3797 655 3861 quam
686 3780 822 3860 corporis
850 3779 950 3844 officio
978 3780 1173 3860 intendimus,
1204 3797 1262 3843 nec
1283 3779 1321 3845 ad

225 3908 304 3954 arma
327 3893 384 3952 iam
407 3898 521 3973 spectat
542 3909 615 3955 usus
637 3898 757 3972 noster,
781 3893 835 3956 sed
855 3892 892 3956 ad
911 3895 992 3975 pacis
1015 3895 1144 3979 negotia.
1190 3894 1320 3960 Maiores
1408 3903 1414 3922 “

249 4133 251 4140 ’
295 4145 323 4214 1)
342 4143 417 4206 aaa
435 4146 479 4220 av,
496 4147 523 4208 a.
593 4149 624 4221 2)
645 4103 709 4204 nra
728 4149 773 4222 ar,
792 4150 834 4210 ιο.
