2932 4700
603 367 811 428 enarrem.
1232 377 1254 444 5

151 531 272 618 gaudio
295 533 426 615 accepit,
454 532 534 616 quod
556 531 670 598 iudices
692 551 709 598 a
732 549 767 596 se
788 533 893 598 directi
914 531 951 598 ad
974 533 1174 600 sacerdotium
1194 554 1254 620 pe-

153 653 302 710 terentur.
346 647 524 713 laetabatur
553 647 639 710 etiam
662 647 776 712 Probus
803 645 992 730 praefectus,
1021 646 1101 730 quod
1129 651 1254 715 uerbum

153 761 223 824 eius
246 759 410 844 inpleretur
431 761 463 824 in
484 759 662 838 Ambrosl03
697 758 814 824 dixerat
837 761 915 824 enim
937 759 1155 844 proficiscenti,
1187 781 1253 828 cum

153 873 294 936 mandata
316 874 353 937 ab
376 872 484 937 eodem
508 873 658 953 darentur,
681 878 713 936 ut
735 873 827 937 moris
846 879 908 937 cst:
936 873 1029 953 Vade,
1053 893 1111 956 ope
1134 895 1199 942 ooo
1220 884 1256 940 ut

154 988 272 1064 ludeo,
296 988 353 1050 scd
375 995 411 1048 ot
431 985 607 1066 episcopus.

244 1096 273 1163 9.
317 1098 469 1162 Pendenta
491 1099 591 1179 itaque
613 1097 758 1161 relatione
781 1097 888 1160 iterum
912 1095 1012 1182 lugam
1033 1099 1149 1181 pamvit
1163 1105 1254 1182 atque

153 1215 187 1278 in
209 1212 405 1294 possessione
429 1210 582 1274 cuiusdam
604 1210 720 1274 Leontii
744 1209 899 1274 clarissimi
922 1212 978 1274 viri
1000 1211 1169 1293 aliquandiu
1195 1211 1254 1276 de·

153 1327 241 1392 lituit.
287 1325 346 1390 Sed
374 1325 425 1389 ubi
453 1324 591 1388 relationi
621 1341 799 1406 responsum
830 1330 893 1404 est,
925 1325 961 1387 ab
991 1325 1097 1389 eodem
1126 1325 1253 1390 Leontio

154 1440 311 1524 proditur3
340 1445 532 1522 praeceptum
562 1439 639 1502 enim
671 1445 735 1502 erat
765 1439 894 1519 vicario,
927 1446 958 1502 ut
985 1439 1136 1504 insisteret
1161 1440 1253 1504 rebus

154 1554 363 1639 perficiendis,
394 1556 444 1637 qui
472 1556 601 1618 iniuncta
632 1555 688 1618 sibi
717 1573 783 1618 cum
811 1555 903 1618 vellet
932 1555 1064 1636 inplere,
1094 1555 1251 1635 proposito

156 1668 256 1734 edicto
279 1671 421 1732 convenit
443 1687 564 1748 omnes,
589 1675 637 1749 ut,
660 1671 686 1732 sl
709 1671 820 1734 vellent
842 1670 898 1732 sibi
921 1668 1079 1732 consulere
1102 1668 1253 1750 rebusque

155 1782 237 1861 suis,
269 1780 433 1863 proderent
462 1782 565 1844 virum.
611 1781 746 1845 Proditus
777 1783 878 1863 itaque
908 1788 938 1844 ct
965 1782 1109 1846 adductus
1131 1781 1252 1845 bledio-

153 1897 254 1960 lanum
277 1913 343 1958 cum
366 1893 555 1976 intellegeret
576 1894 656 1957 circa
678 1912 713 1956 se
736 1894 783 1958 dei
807 1897 996 1974 voluntatem,
1019 1913 1076 1958 nec
1094 1914 1129 1958 se
1144 1895 1251 1960 dlutius

155 2024 248 2090 posse
269 2007 430 2086 resistere,
462 2006 624 2088 postulavit
651 2024 713 2070 non
742 2025 777 2070 se
805 2009 862 2070 nisi
890 2025 907 2070 a
936 2009 1082 2074 catholico
1107 2011 1251 2092 episcopo

154 2122 316 2212 bpptizarl3
342 2120 469 2184 sollicite
492 2121 569 2185 euim
592 2123 717 2183 cavebat
738 2121 890 2202 perfidiam
913 2123 1102 2186 Arianorum.
1148 2123 1250 2204 Bapti-

153 2243 240 2300 zatus
269 2235 369 2316 itaque
400 2234 494 2298 lentur
525 2235 623 2298 omnia
653 2235 749 2298 ollicia
779 2235 979 2298 ecclesiastica
1007 2236 1139 2317 inplesse
1161 2241 1249 2316 atque

154 2356 259 2442 octava
283 2348 331 2412 dic
354 2350 512 2432 episeopus
536 2349 688 2413 ordinatus
712 2355 758 2412 est
780 2367 892 2412 surnma
917 2368 982 2414 cum
1005 2350 1099 2434 gratia
1131 2356 1159 2413 et
1181 2350 1249 2413 lae·
1291 2361 1299 2391 ⁰

153 2465 216 2528 titia
238 2437 420 2528 cunctorum.
464 2464 564 2548 Igitur,
583 2471 652 2547 post
682 2482 777 2528 annos
808 2465 921 2546 aliquot
951 2464 1145 2529 ordinationis
1177 2482 1249 2528 suae

154 2578 192 2642 ad
215 2581 318 2642 urbem
333 2579 465 2659 Romam,
488 2580 546 2644 boc
570 2588 625 2661 est,
648 2581 684 2645 ad
707 2583 860 2664 proprium
883 2582 978 2645 solum
998 2581 1132 2664 perrexit
1148 2581 1249 2663 ibique
1269 2609 1272 2614 ·

154 2699 285 2755 sanctam
316 2693 460 2775 puellam,
494 2693 532 2756 de
562 2713 619 2776 qua
651 2714 740 2778 supra
772 2697 1017 2776 memoravimus,
1051 2696 1100 2757 cui
1131 2714 1249 2759 manum

154 2805 266 2870 offerre
296 2806 402 2870 solitus
431 2814 513 2887 erat,
544 2811 574 2872 in
605 2809 692 2872 domo
727 2811 848 2893 propria
885 2829 950 2873 cum
983 2826 1142 2891 germana,
1174 2809 1250 2872 sicut

153 2922 325 3003 reliquerat,
342 2923 454 2986 invenit
469 2923 525 2986 lam
541 2930 634 2986 matre
650 2923 798 2987 defuncta.
833 2926 931 3006 Atque
947 2941 1013 2986 curn
1029 2923 1076 2986 illa
1095 2923 1248 2987 dexteram

154 3036 231 3100 illius
255 3036 457 3118 oscularetur,
490 3037 646 3101 subridens
676 3039 716 3100 ait
744 3039 802 3100 illi:
833 3039 931 3116 Ecce,
963 3045 998 3100 ut
1019 3037 1159 3100 dicebam
1182 3037 1248 3114 tibi,

153 3151 331 3214 sacerdotia
351 3169 475 3212 menum
498 3151 660 3213 osculeris.

243 3261 292 3328 10.
337 3265 493 3327 Paridem
516 3271 630 3347 tempus
654 3283 719 3328 curn
743 3274 824 3329 trans
848 3266 976 3330 l'ibcrim
1002 3265 1079 3348 apud
1103 3263 1248 3346 quandam

155 3378 346 3443 clarissimam
373 3380 511 3443 invitatus
543 3381 719 3444 sacrificium
750 3382 780 3442 in
810 3381 899 3444 domo
931 3379 1071 3458 offerret,
1105 3376 1248 3459 quaedam

155 3494 337 3574 balneatrix,
368 3514 445 3577 quac
468 3497 629 3580 paralytica
652 3497 782 3559 inlecto
806 3496 937 3575 iacebat,
967 3512 1033 3556 cum
1056 3491 1249 3574 cognovisset

155 3608 264 3672 ibidem
280 3627 348 3672 csse
365 3609 475 3672 domini
490 3610 687 3689 sacerdotem,
709 3611 738 3672 in
754 3609 859 3673 sellula
875 3627 909 3672 se
924 3607 961 3670 ad
978 3605 1104 3669 eandem
1120 3604 1248 3686 domum,

155 3722 192 3786 ad
215 3742 302 3804 quam
325 3723 374 3786 ille
396 3725 535 3788 invitatus
558 3724 737 3804 advenerat,
764 3723 875 3806 portari
899 3722 968 3785 iecit
991 3726 1079 3801 atque
1101 3720 1197 3784 oranti
1219 3727 1249 3783 et

13 3821 15 3852 '
132 3835 134 3842 ’
155 3836 309 3918 imponenti
331 3855 434 3900 manus
457 3837 634 3900 vestimenta
657 3838 758 3920 attigit
803 3836 887 3911 Quae
918 3853 983 3898 cum
1010 3836 1247 3913 exoscularetur,

154 3951 252 4013 statim
281 3953 407 4015 sanitate
436 3958 557 4034 recepta
590 3953 741 4016 ambulare
771 3950 886 4034 coepit,
919 3957 951 4013 ut
982 3951 1145 4034 inpleretur
1177 3949 1247 4012 illud

155 4065 333 4130 dominicum
365 4067 472 4131 dictum
506 4068 543 4130 ad
577 4068 746 4149 apostolos:
779 4065 871 4130 Etiam
907 4068 1018 4130 maiora
1052 4066 1098 4129 his
1133 4063 1246 4127 iacietis
