2976 4706
416 376 460 428 DE
479 373 617 429 orricius
636 373 857 430 midisrttmttttt
879 375 973 428 truita
992 375 1022 428 ll.
1204 377 1261 441 171

259 533 329 599 tta.
372 533 510 616 Denique
532 534 591 598 hoc
614 533 680 596 solo
702 531 858 596 viduarum
881 536 1011 614 nomine,
1034 535 1111 598 simut
1132 535 1160 598 in
1184 536 1266 600 libris

170 650 414 712 Maccahaeorum
436 643 464 729 Ι)
486 647 624 728 legimus,
650 645 887 711 commendatum
911 648 1022 728 templo
1045 666 1134 712 omne
1158 667 1266 711 serva-

170 769 231 825 tum
255 768 309 823 est.
355 760 426 822 Nam
451 779 517 822 eum
539 758 679 822 indicium
701 761 810 824 lactum
841 767 923 822 esset
950 764 1161 841 pecuniarum,
1192 781 1266 843 quas

169 875 198 936 in
223 874 335 955 templo
349 872 566 955 Hierosolymis
587 874 729 936 maximas
751 874 880 954 reperiri
902 891 994 955 posse
1009 875 1110 939 Simon
1134 876 1267 939 nefarius

170 986 319 1050 Antiocho
342 986 409 1068 regi
432 985 572 1066 prodidit,
596 985 704 1048 nisam
727 987 757 1048 in
778 1005 841 1048 rem
863 985 1044 1051 Heliodorus
1067 986 1104 1052 ad
1127 989 1267 1070 templum

171 1099 253 1160 venit
281 1103 311 1158 et
333 1114 449 1160 summo
472 1096 621 1160 sacerdoti
644 1099 761 1178 aperuit
783 1097 884 1161 indicii
906 1099 1046 1163 invidiam
1070 1108 1100 1164 et
1123 1101 1268 1164 advenias

170 1211 217 1272 sui
240 1227 370 1272 causam.

260 1319 331 1386 146.
369 1323 452 1385 Tunc
474 1320 618 1386 sacerdos
634 1320 771 1403 deposita
787 1341 857 1386 esse
871 1322 946 1386 dixit
959 1323 1115 1387 viduarum
1130 1325 1268 1390 victualia

170 1441 201 1496 et
229 1434 417 1516 pupillorum.
463 1437 548 1510 Quae
578 1454 646 1496 cnm
667 1434 849 1499 Heliodorus
880 1443 1014 1518 ereptum
1045 1437 1089 1500 ire
1120 1437 1210 1500 vellet
1239 1445 1270 1502 et

169 1547 263 1630 regiis
285 1549 438 1611 vindicare
461 1547 642 1627 commodis,
674 1547 850 1611 sacerdotes
877 1555 948 1612 ante
969 1550 1062 1612 altare
1085 1550 1270 1613 lactaverunt

170 1675 214 1740 se,
238 1660 332 1724 induti
353 1660 557 1725 sacerdotales
580 1660 684 1740 stolas,
706 1667 738 1724 et
760 1660 848 1724 deum
871 1662 980 1740 vivum,
1003 1663 1053 1742 qui
1071 1661 1109 1724 de
1125 1662 1269 1744 depositis

170 1773 270 1855 legem
292 1773 431 1853 dederat,
462 1774 568 1838 tientes
595 1775 774 1840 invocabant
800 1775 954 1838 custodem
981 1791 1016 1838 se
1041 1779 1270 1856 praeceptorum

171 1892 325 1969 praestare
356 1904 486 1950 suorum.
539 1887 644 1950 Vultus
674 1905 749 1951 vero
784 1893 814 1950 et
847 1888 933 1952 color
966 1889 1072 1952 summi
1104 1887 1270 1952 sacerdotis

171 1999 330 2064 inmutatus
352 1998 522 2064 declarabat
544 1998 681 2064 dolorem
703 2002 793 2064 animi
816 2007 846 2064 et
868 2003 974 2064 mentis
997 2003 1128 2065 intentae
1153 2001 1271 2064 sollici-

171 2111 312 2174 tudinem.
356 2113 479 2176 Flebant
502 2131 616 2192 omnes,
640 2112 721 2194 quod
743 2114 774 2175 in
796 2119 997 2195 contemptum
1019 2110 1105 2174 locus
1125 2117 1270 2174 venturus

171 2222 260 2302 toret,
281 2225 308 2288 si
329 2242 387 2288 nec
409 2225 440 2287 in
462 2225 512 2289 dei
533 2225 643 2307 templo
667 2231 728 2289 tuta
749 2225 819 2288 lidei
842 2229 1015 2288 servaretur
1037 2222 1192 2302 custodia,
1215 2241 1271 2284 ac-

171 2335 347 2416 cinctaeque
383 2337 525 2401 mulieres
566 2345 671 2421 pectus
712 2345 743 2402 et
785 2338 905 2402 clausae
941 2337 1077 2419 virgines
1113 2335 1270 2418 pulsabant

170 2447 303 2510 ianuam:
327 2447 365 2510 ad
387 2467 491 2513 maros
513 2450 563 2512 alii
582 2453 756 2530 currebant,
779 2469 834 2533 per
855 2449 1003 2514 teneoras
1026 2449 1076 2512 alii
1091 2453 1269 2530 prospecta-

170 2561 257 2641 bant,
291 2579 394 2624 omnes
426 2560 464 2624 ad
497 2560 611 2624 caelum
642 2537 802 2625 tendebant
833 2577 955 2640 manus,
988 2567 1109 2623 orantes
1142 2567 1176 2624 ut
1205 2560 1269 2624 suis

74 2684 77 2689 ·
170 2673 308 2739 dominus
330 2674 450 2740 adesset
473 2674 598 2756 legibus.

261 2785 333 2852 147.
369 2785 551 2852 Heliodorus
574 2793 751 2850 antemnae
773 2785 819 2848 His
842 2785 972 2863 territus,
996 2783 1075 2865 qaod
1091 2781 1268 2860 intenderat,

170 2901 318 2982 uomebat
346 2907 377 2962 et
406 2900 582 2964 satellitibus
612 2901 676 2962 suis
706 2897 853 2961 aerarium
876 2903 1048 2978 saepserat,
1080 2915 1146 2958 cum
1168 2894 1267 2958 sultito

171 3011 306 3096 adparuit
327 3013 368 3076 illi
390 3013 530 3076 terribilis
553 3027 647 3092 eques
677 3012 767 3074 armis
797 3009 989 3092 praefulgens
1019 3009 1138 3086 aureis3
1171 3025 1268 3090 equus

170 3132 270 3189 autern
298 3126 362 3190 eius
392 3134 458 3190 erat
486 3126 595 3209 insigni
625 3131 748 3188 ornatus
771 3124 935 3206 opertorio.
980 3121 1040 3186 Alii
1063 3140 1184 3202 quoque
1208 3121 1267 3184 duo

169 3240 295 3302 iuvenes
329 3238 529 3320 adparuerunt
561 3241 592 3303 in
626 3241 735 3302 virtute
768 3239 883 3316 inclita,
918 3236 1030 3299 decore
1060 3241 1167 3318 grato,
1201 3253 1266 3296 cum

170 3351 332 3434 splendore
354 3352 480 3436 gloriae,
503 3354 634 3434 speciosi
655 3354 772 3429 amictu,
796 3351 846 3432 qui
869 3350 1127 3412 circumsteterunt
1150 3364 1218 3409 eum
1237 3351 1268 3407 et

170 3468 297 3546 utraque
319 3484 359 3528 ex
381 3470 465 3546 parte
488 3463 677 3547 flagellabant
698 3463 877 3544 sacrilegum
892 3461 957 3523 sine
972 3459 1032 3522 ulla
1047 3457 1267 3522 intermissione

171 3581 342 3643 continuato
375 3581 513 3642 verbere.
568 3577 645 3652 outd
678 3577 795 3640 multa?
839 3572 1041 3638 Circumlnsus
1076 3569 1203 3652 caligine
1236 3571 1266 3630 in

170 3698 280 3754 terram
309 3691 438 3756 concidit
470 3697 500 3753 et
530 3689 660 3751 evidenti
682 3687 800 3751 divinae
821 3684 1002 3768 operationis
1024 3682 1134 3745 indicio
1157 3681 1267 3742 exani·-

171 3811 266 3865 matus
288 3805 420 3885 iacebat,
454 3821 512 3866 neo
534 3803 593 3865 ulla
615 3819 685 3884 spes
708 3804 738 3865 in
762 3819 800 3864 eo
823 3800 974 3862 residebat
996 3797 1108 3860 salutis.
1152 3794 1266 3858 Oborta

172 3919 218 3976 est
238 3915 348 3978 laetitia
370 3918 586 3995 metuentibus,
614 3922 709 3981 metus
732 3916 887 3999 superbis,
911 3913 1079 3994 delectique
1100 3929 1141 3975 ex
1164 3909 1265 3972 amicis

242 4153 271 4223 l)
290 4155 315 4209 2.
327 4153 439 4209 Maocaln.
458 4157 485 4222 3,
505 4157 538 4209 10
556 4173 610 4226 seq.
688 4179 689 4182 ¹
