2976 4706
218 348 280 416 lie
663 337 688 391 s.
708 334 865 390 nonnoso

216 505 432 581 stimationem,
464 519 503 563 ne
533 499 700 581 derogetur
729 495 863 573 muneri,
897 499 928 556 ut
959 494 1009 574 qui
1039 492 1121 556 videt
1152 493 1316 556 ministrum

216 620 317 685 altaris
351 614 495 698 congruis
530 619 665 676 ornatum
698 609 872 687 virtutibus,
910 614 1064 670 auctorem
1097 605 1250 688 praedicet
1287 609 1318 666 el

216 733 366 798 dominum
396 728 577 802 veneretur,
612 723 663 802 qui
692 721 767 784 tales
797 718 935 783 servulos
968 717 1082 780 habeat.
1127 717 1206 779 haus
1239 715 1318 778 enirn

217 845 337 923 domini,
359 842 410 906 ubi
433 837 541 901 munda
562 835 719 917 possessio
743 839 773 895 et
796 833 942 894 innocens
965 829 1094 928 familiae
1117 828 1280 911 discipline.

303 952 377 1019 248.
423 953 468 1014 De
503 948 674 1014 castimonia
708 952 806 1009 autem
840 943 911 1026 quid
944 944 1069 1025 loquar,
1105 941 1226 1024 quando
1259 959 1318 1005 una

218 1075 347 1146 tentum,
379 1084 436 1129 nec
464 1063 593 1144 repetita
624 1059 801 1141 permittitur
831 1057 963 1139 copula?
1015 1056 1052 1120 Et
1084 1057 1113 1120 iu
1144 1057 1210 1138 ipso
1243 1073 1318 1137 ergo

218 1183 360 1266 coniugio
382 1179 434 1242 lex
457 1183 504 1240 cst
526 1193 588 1238 non
608 1175 719 1236 iterare
734 1172 916 1255 coniugium,
936 1189 993 1234 nec
1012 1170 1163 1233 secundae
1181 1168 1318 1251 coniugis

219 1291 320 1360 sortiri
350 1288 598 1354 coniunctionem.
652 1284 738 1359 Quod
772 1283 924 1365 plerisque
957 1283 1062 1345 mirum
1096 1283 1232 1361 videtur,
1266 1299 1319 1344 cur

221 1410 307 1473 etiam
338 1410 406 1467 ante
436 1401 610 1482 baptismum
638 1399 734 1461 iterati
764 1397 896 1478 coniugii
927 1395 964 1457 ad
988 1397 1165 1460 electionem
1188 1396 1319 1458 muneris

221 1526 251 1583 et
282 1515 476 1582 ordinationis
509 1512 748 1594 praerogativam
781 1509 981 1591 inpedimenta
1016 1517 1219 1592 generentur,
1253 1528 1320 1572 oum

221 1633 308 1695 etiam
336 1629 441 1692 delicta
473 1623 585 1688 obesse
607 1639 668 1685 non
690 1621 823 1699 soleant,
856 1620 882 1681 si
910 1620 1023 1681 lavacri
1053 1620 1178 1681 remissa
1210 1619 1321 1682 luerint

221 1746 418 1808 sacramento.
463 1733 524 1800 Sed
553 1733 732 1829 intellegere
764 1732 925 1812 debemus,
960 1733 1027 1812 quia
1059 1733 1204 1814 baptismo
1235 1733 1320 1814 culpa

223 1855 326 1919 dimitti
348 1858 457 1934 potest,
478 1851 530 1912 lex
552 1846 666 1909 aboleri
689 1863 751 1910 non
773 1851 881 1927 potest.
926 1845 958 1906 ln
982 1847 1124 1928 coniugio
1147 1864 1208 1909 non
1224 1847 1320 1928 eulpa,

223 1967 279 2032 sed
301 1967 352 2028 lex
375 1971 429 2028 est.
475 1961 562 2036 Quod
590 1960 695 2041 culpae
724 1965 770 2021 est
792 1960 883 2042 igitur
905 1961 934 2022 in
957 1959 1132 2041 baptismate
1156 1957 1320 2038 relaxatur,

223 2080 303 2162 quod
333 2080 409 2162 legis
442 2083 488 2140 est
518 2077 549 2139 in
581 2075 722 2157 coniugio
754 2091 813 2136 non
845 2074 978 2137 solvitur.
1032 2073 1190 2146 Quomodo
1223 2079 1320 2136 autem

222 2199 323 2277 potest
360 2193 494 2256 hortator
528 2206 598 2252 esse
631 2186 781 2250 viduitatis
816 2189 867 2268 qui
900 2189 966 2269 ipse
1002 2187 1142 2268 coniugia
1178 2185 1324 2267 frequen-

223 2305 357 2369 taveril‘?

311 2413 384 2479 249.
429 2413 610 2477 lnollensum
632 2420 729 2475 autem
754 2412 954 2478 exhibendum
978 2421 1008 2476 et
1031 2412 1238 2475 inmaculatum
1264 2411 1324 2474 mi-

224 2527 388 2604 nisterium,
412 2543 469 2588 nee
491 2525 553 2589 ullo
577 2526 729 2607 coniugali
751 2526 831 2589 coitu
854 2525 1024 2588 violandum
1049 2526 1248 2610 cognoscitis,
1273 2525 1324 2605 qui

225 2640 333 2723 integri
356 2656 495 2720 corpore,
519 2637 694 2717 incorrupto
718 2635 844 2716 pudore,
870 2637 960 2700 alieni
983 2639 1070 2700 etiam
1094 2639 1130 2700 ab
1156 2639 1222 2719 ipso
1246 2655 1325 2699 con-

224 2753 318 2818 sortio
342 2751 507 2835 coniugali,
536 2749 615 2812 sacri
638 2750 791 2812 ministerii
815 2751 938 2831 gratiam
961 2752 1127 2832 recepistis.
1174 2749 1262 2825 Quod
1286 2767 1325 2813 eo

225 2885 287 2930 non
309 2865 467 2947 praeterii,
498 2865 567 2946 quia
589 2865 619 2927 in
641 2865 794 2946 plerisque
816 2865 1012 2928 abditioribus
1035 2866 1110 2929 locis
1138 2884 1203 2928 cum
1233 2866 1325 2927 mini·

226 2980 346 3042 sterium
370 2985 523 3060 gererent,
547 2978 595 3041 vel
618 2979 704 3040 etiem
727 2977 936 3058 sacerdotium,
960 2979 1036 3043 lilios
1060 2984 1267 3060 susceperunt,
1296 2985 1327 3040 et

226 3090 256 3154 id
279 3096 423 3172 tamquam
447 3109 503 3156 usu
526 3093 621 3155 veteri
637 3091 811 3172 defendunt,
835 3093 954 3173 quando
970 3111 1025 3174 per
1040 3092 1195 3154 intervalla
1212 3091 1326 3154 dierum

226 3205 403 3268 sacrificium
427 3205 620 3268 deferebatur
627 3228 637 3283 3
673 3211 703 3268 el
725 3212 823 3268 lamen
846 3206 1062 3269 castificabatur
1085 3205 1172 3266 etiam
1196 3203 1326 3286 populus

227 3336 282 3399 per
304 3317 425 3381 biduum
447 3326 496 3381 aul
519 3339 574 3401 per
593 3320 730 3400 triduom,
754 3327 786 3383 ut
801 3321 838 3383 ad
855 3321 1029 3384 sacrificium
1046 3337 1139 3402 purus
1155 3318 1326 3398 accederet,

227 3434 259 3492 ut
281 3430 310 3491 in
334 3431 430 3491 veteri
454 3437 630 3495 testamento
653 3432 798 3516 legimus3
816 3429 844 3515 ¹)
868 3438 898 3494 et
916 3432 1053 3494 lavabant
1069 3433 1246 3497 vestimenta
1262 3449 1325 3496 sua.

228 3541 259 3606 si
289 3542 319 3603 in
350 3542 447 3624 ligura
474 3549 554 3607 tante
586 3546 794 3625 observantia,
828 3553 936 3627 quanio
969 3547 998 3610 in
1029 3547 1181 3610 veritate?
1225 3547 1326 3626 Disce,

229 3653 373 3718 sacerdos
396 3661 485 3737 atque
507 3656 606 3735 levita,
630 3659 700 3739 quid
723 3659 761 3721 sit
783 3659 885 3721 lavare
907 3659 1082 3722 vestimenta
1105 3666 1165 3740 tua,
1188 3667 1221 3723 ut
1236 3678 1327 3722 mun-

217 3755 297 3830 'duran
320 3785 431 3850 corpus
454 3769 640 3833 celebrandis
665 3771 809 3834 exhibeas
831 3773 1034 3836 sacramentis.
1072 3773 1102 3838 Si
1117 3772 1246 3855 populos
1260 3775 1327 3838 sine

228 3879 380 3944 ablutione
415 3883 658 3947 vestimentorum
693 3903 815 3948 suorum
852 3887 1066 3967 prohibebatur
1104 3886 1251 3951 accedere
1289 3886 1325 3949 ad

301 4118 329 4184 1)
347 4116 429 4174 uxor.
448 4119 490 4186 19,
509 4119 551 4173 10.
