2966 4708
262 375 328 452 stc
460 353 463 360 '
681 369 938 436 sonortnorrs
1324 469 1327 475 Δ

263 539 314 607 Ιι,
331 539 410 594 hebet
426 541 566 613 metim,
586 537 655 610 qnod
672 545 793 608 praestet.
830 535 887 592 vid.
907 539 1004 594 cciicr.
1023 537 1040 592 Ι.
1059 555 1082 591 c.
1100 553 1126 608 p.
1141 535 1199 594 tin.
1239 539 1364 611 chsscr.

262 645 280 699 ι.
299 663 322 700 0.
339 661 365 714 p.
385 645 445 699 sis.
486 645 510 698 s
529 620 647 702 cmm
665 641 712 696 ns.
749 643 773 696 s.
793 651 886 713 spicio
905 640 982 694 nnc.¹
1004 639 1079 697 conr.
1098 643 1130 696 ss
1148 641 1168 696 r.
1188 643 1212 696 o.
1233 645 1259 710 s.
1272 642 1317 708 25,
1336 643 1363 694 o.

1461 177 1466 244 1

1461 310 1467 563 1

262 731 341 786 Boios
366 732 484 801 entiquss
507 731 647 801 scripturae
673 728 795 798 exemplis
820 731 855 782 ibi
875 729 964 783 adistis
984 747 1016 784 ex
1034 731 1127 784 nostris
1146 729 1278 783 codicibus
1296 729 1365 784 hsec
1467 797 1468 802 η

262 817 444 872 sdderennnc
461 817 555 870 iioestr
582 819 699 886 optinent
715 815 735 867 1.
756 815 798 868 31.
817 817 841 882 ς.
865 817 923 880 idi,
943 818 985 883 5.,
1004 821 1120 888 oprsptio
1138 814 1169 870 11.
1188 815 1231 870 29.
1252 820 1279 885 5.
1302 816 1363 869 151.

263 921 288 974 p.
309 903 369 968 173,
387 903 482 969 1-1,
503 913 662 975 „imperes
679 903 697 956 t
716 903 759 958 tt.
777 906 803 971 ς.
820 903 865 969 98,
884 906 925 970 8.,
949 904 1140 977 spo-senciot
1162 904 1202 958 18.
1220 906 1245 971 ς.
1263 904 1308 976 tp,
1327 905 1364 968 s.,
1467 891 1468 898 ’

263 995 389 1063 ωρὰϊω
407 990 427 1044 1.
446 991 488 1044 2⁴.
507 993 533 1059 ς.
547 990 606 1056 112,
625 991 665 1056 n,
688 993 831 1062 csr'piseicti
847 989 866 1043 1.
885 990 928 1044 28.
947 993 972 1058 §.
987 991 1046 1057 tat,
1065 993 1091 1045 6.
1127 989 1177 1044 Pro
1195 993 1286 1047 srcoisr
1304 1008 1364 1044 cunr

264 1076 304 1130 W.
323 1077 405 1146 ttaeg.
427 1077 480 1131 iicc
499 1085 526 1132 et
544 1077 584 1131 ed.
606 1074 673 1130 iied.
692 1077 781 1144 scripsi
799 1093 909 1141 sensus,
936 1077 1004 1150 qnod
1029 1077 1090 1132 ist.
1110 1077 1212 1130 suevius
1236 1080 1261 1130 io
1287 1093 1365 1132 sures

264 1165 338 1220 cedit
373 1163 435 1220 Tum
453 1179 590 1235 perpetem
608 1166 638 1220 iss
654 1179 728 1220 crore
742 1161 793 1216 dib.
825 1161 930 1217 inverso
947 1167 1139 1236 pcioecceciic
1156 1180 1249 1236 repere
1262 1162 1363 1234 iibedp.

265 1288 290 1340 7.
307 1287 425 1357 proicdit
442 1283 488 1352 ns,
507 1293 534 1338 nt
552 1301 636 1355 supro.
673 1283 701 1338 ln
719 1301 791 1355 seqq.
809 1287 941 1355 adfectent
958 1283 1010 1352 nc,
1031 1233 1162 1357 cd'sseicct
1181 1284 1222 1350 W,
1240 1289 1365 1358 cffcstcct

265 1371 319 1426 reii.
338 1387 361 1424 c.
380 1371 438 1424 edd.
474 1369 499 1422 8.
518 1374 619 1426 sceitst
637 1369 677 1424 W.
719 1371 744 1422 9.
763 1373 878 1441 ispitisso
898 1375 1040 1426 cortcctice
1060 1373 1179 1426 icetccsii
1196 1370 1267 1437 died,
1290 1374 1363 1443 ispi·
1468 1391 1469 1420 i

265 1463 328 1513 tinto
345 1461 464 1515 tcetscds·
481 1461 623 1514 correcte
640 1456 751 1528 Msbeip.
792 1456 830 1510 iii.
851 1460 982 1513 cotidiano
1001 1456 1033 1509 W
1051 1465 1077 1512 et
1096 1458 1152 1525 tic,
1174 1461 1261 1514 cottid.
1281 1461 1365 1512 ceteri

265 1547 324 1600 iibri
342 1547 446 1616 scripti,
471 1548 567 1618 qcotid.
587 1544 654 1614 vulg.
692 1543 753 1597 Post
776 1559 800 1596 v.
820 1561 876 1601 ccc
894 1543 930 1598 ns
954 1546 1042 1614 inepte
1065 1547 1140 1614 ponit
1163 1550 1224 1602 cci.
1260 1544 1364 1614 Spilsbn

266 1639 314 1690 isc
338 1636 408 1687 vocis
432 1637 548 1689 menis-o
572 1640 599 1685 et
624 1633 738 1699 proxime
761 1631 854 1684 verba:
881 1636 1028 1689 sccimtsc
1052 1636 1204 1703 patientiam
1229 1661 1260 1677 -·
1281 1661 1311 1674 -
1335 1637 1365 1687 isc

264 1722 389 1793 parociis
415 1723 489 1777 docet
515 1717 663 1772 exciderunt
687 1718 712 1770 in
736 1717 781 1772 nc
818 1716 876 1772 iios
902 1721 1029 1776 dcrosstsc
1055 1723 1187 1788 tremiss,
1214 1724 1364 1777 sctrissrtsc

265 1844 428 1916 patientiam,
446 1844 562 1896 iciorscs
581 1798 743 1896 niccscccst
760 1838 838 1894 hebet
856 1839 903 1905 W,
928 1842 1065 1908 descedes,
1084 1845 1200 1898 centra
1215 1845 1365 1900 occisum

213 1981 215 1988 ⁴
265 1932 392 2004 patientia
406 1930 572 1999 (potientium
584 1943 598 1979 s
612 1942 644 1980 nn.
657 1929 711 1995 pr.)
724 1927 1076 1995 intermisceamus,
1096 1931 1232 1995 durantes,
1249 1933 1367 1984 msmirc

146 2062 149 2069 .
267 2017 388 2086 (mecine
408 2017 459 2081 ite)
483 2017 629 2070 srmriectes
652 2017 780 2084 patientie
803 2016 918 2069 iaiorsns
940 2026 1103 2071 cccccccccc
1127 2016 1187 2068 dsnt
1205 2014 1243 2069 Bb
1267 2025 1295 2069 et
1312 2016 1365 2082 iio,

267 2106 409 2168 dunestor,
433 2104 549 2157 cremina
571 2103 733 2166 nutricem,
759 2103 887 2170 patientia
904 2104 1019 2156 tciorsnr
1036 2121 1093 2158 acc.
1113 2103 1203 2169 iibed,
1228 2107 1364 2186 dcrsntec.

267 2189 449 2258 (distinctionis
468 2195 529 2242 notc
547 2189 716 2242 recentiorem
739 2187 825 2256 prodit
850 2193 962 2253 menum)
986 2192 1102 2244 cremina
1122 2195 1279 2246 cctriectsc.
1308 2211 1364 2261 pc-

266 2281 364 2333 ticctso'
380 2280 470 2332 tciore
488 2275 539 2345 (pr.
558 2277 662 2354 isiaci)
680 2277 738 2334 cic.
751 2272 796 2339 Bc,
815 2277 954 2340 durantes,
972 2279 1087 2331 cornico
1104 2281 1249 2332 nutrientes
1266 2283 1364 2349 pedec-

268 2368 332 2418 ticm
349 2361 411 2432 (sic)
430 2367 544 2419 trierem
562 2371 726 2419 cccccccccc
743 2363 782 2428 (in
801 2376 851 2430 mg.
871 2360 903 2414 cb
921 2361 952 2414 ci.
973 2377 1006 2416 nr.
1026 2366 1209 2432 cccccccccc)
1228 2363 1285 2434 dig,
1309 2368 1362 2420 dc-
1471 2361 1472 2364 ’

267 2461 358 2506 rariter
384 2454 664 2506 ctecirn‘cctrientec
688 2450 816 2520 patientia
841 2452 957 2504 iciorens
983 2467 1040 2506 ccc.
1068 2451 1128 2516 (sic)
1156 2449 1206 2518 itti,
1235 2454 1363 2507 duroctec

268 2540 393 2601 essoris-o,
411 2540 558 2592 octriomss
575 2539 735 2607 potientium,
754 2539 869 2592 hiereos
881 2554 938 2593 occ.
952 2537 1011 2590 edd.
1024 2535 1080 2590 Coi.
1094 2537 1197 2592 Amerb.
1213 2548 1239 2590 et
1253 2537 1366 2603 erasm„

268 2609 329 2676 item
347 2622 424 2676 iicur.
444 2632 520 2692 atquc
539 2624 621 2688 dito„
649 2638 714 2692 quae
737 2623 768 2675 cb
793 2623 842 2676 iilis
867 2639 899 2677 eo
924 2624 1058 2690 differunt,
1086 2624 1154 2695 quod
1174 2624 1295 2678 exhibent
1312 2629 1367 2680 asi-

268 2720 404 2767 ccesccct.
445 2708 492 2762 Ed.
518 2708 584 2762 tien.
611 2708 708 2778 absque
731 2701 783 2763 utic
807 2712 1013 2779 interpunctione
1040 2712 1084 2765 det
1107 2717 1194 2769 taioni
1217 2717 1274 2768 ade.
1316 2710 1368 2764 Pro

170 2819 172 2824 ¹
268 2801 368 2864 taioni,
396 2798 465 2868 qnod
489 2799 549 2850 item
572 2798 666 2867 iegitur
683 2799 708 2850 in
727 2793 796 2852 Cest.
815 2798 876 2851 Pist.
896 2807 923 2851 et
941 2798 1032 2865 itone,
1060 2800 1093 2853 de
1111 2800 1257 2854 coniectura
1276 2801 1369 2853 Lotici

269 2889 371 2940 beticii
389 2884 520 2956 (Biblioth.
540 2901 604 2938 secr.
625 2893 651 2937 et
669 2885 735 2954 proi.
756 2885 826 2939 Toni.
846 2885 863 2938 i.
888 2902 915 2955 p.
934 2885 993 2942 131.
1019 2887 1068 2940 coi.
1088 2885 1128 2956 2.)
1153 2888 1243 2955 scripsi
1265 2889 1367 2955 iniere,

270 2973 339 3042 quod
357 2981 442 3027 tuetur
460 2972 503 3025 Bo.
541 2971 696 3026 confusione
722 2973 788 3025 enim
813 2973 952 3026 litterarum
976 2993 991 3029 s
1014 2983 1040 3027 et
1060 2978 1072 3027 i
1091 2975 1116 3026 in
1135 2973 1211 3026 codd.
1229 2973 1291 3026 nihii
1309 2972 1368 3025 ire-

270 3061 390 3128 quentius
407 3067 455 3112 est.
492 3058 611 3112 Ceterum
635 3059 668 3110 de
693 3076 739 3112 usu
764 3058 837 3112 verbi
861 3077 992 3115 assuesce
1016 3076 1072 3114 oum
1096 3060 1206 3114 sbictiro
1229 3061 1370 3114 constructi

270 3144 311 3198 odi
331 3150 488 3202 naconem.
508 3145 642 3200 Gremmnt.
664 3146 718 3198 Lct.
737 3150 761 3213 §.
783 3147 841 3200 142.
860 3151 889 3216 p.'
905 3147 957 3200 428
974 3163 1029 3218 seq.
1067 3149 1181 3204 crocet.
1201 3147 1286 3200 Lexic.
1306 3146 1371 3216 ling.

270 3231 323 3286 Lot
342 3249 364 3287 s.
381 3249 406 3287 v.
424 3235 478 3286 init.
511 3237 642 3290 Lniorcrc
660 3233 751 3301 probet
769 3237 799 3289 0.
817 3237 946 3288 iinrtdicc
964 3233 1070 3287 Adters.
1090 3232 1187 3286 XXXV.
1207 3234 1231 3286 1.
1250 3249 1274 3301 p.
1291 3231 1370 3285 1588.

340 3324 364 3387 ς.
379 3321 423 3390 33,
438 3322 461 3374 1.
480 3325 532 3379 Nec
549 3339 602 3376 noc
614 3324 677 3393 ipcn
690 3331 789 3377 cntcrn
801 3318 838 3372 Bb
851 3329 875 3373 et
889 3321 950 3373 edd.
964 3319 1068 3374 Amerb.
1082 3319 1180 3373 Essem.
1193 3319 1262 3372 Cost
1276 3319 1370 3372 Pistor.

150 3431 153 3436 ¹
269 3407 358 3474 lione,
384 3427 447 3466 osso
464 3412 527 3481 ipss
545 3427 572 3462 c.
591 3406 638 3474 W,
662 3413 726 3464 iaec
744 3411 805 3479 ipss
822 3425 848 3464 ss·
869 3408 944 3462 codd.
963 3408 1018 3462 reli.
1037 3424 1060 3462 c.
1079 3409 1138 3463 edd.
1157 3407 1223 3460 iied.
1242 3407 1322 3459 discr.
1343 3415 1372 3459 et

271 3494 336 3549 Giih.
372 3495 421 3548 Pro
439 3500 507 3568 pund
524 3496 564 3548 tta
581 3497 607 3548 io
626 3495 697 3548 liturs
721 3493 798 3547 hebet
825 3497 886 3566 psci,
915 3496 982 3565 quod
1006 3495 1099 3566 iegitur
1121 3497 1198 3548 etiam
1222 3495 1248 3548 in
1272 3495 1372 3548 ceteris

217 3627 227 3654 p
270 3583 383 3636 iionccc.
404 3592 431 3635 et
449 3583 508 3636 edd.
528 3581 583 3636 Coi.
602 3599 633 3636 ne
650 3581 717 3634 tien.
754 3581 779 3634 3.
797 3586 923 3638 excitatio
942 3583 981 3636 W.
1000 3581 1093 3638 Msbei.
1108 3581 1170 3636 Bbc.
1201 3580 1374 3635 Consentiunt

271 3669 331 3722 edd.
351 3667 405 3723 eoi.
424 3667 491 3721 Med.
510 3668 612 3723 Amerb.
638 3675 664 3719 et
685 3665 800 3733 Ercsnc,
829 3684 894 3738 quce
918 3671 1046 3737 posterior
1069 3672 1095 3723 in
1119 3685 1170 3738 mg.
1197 3668 1290 3722 hebet:
1320 3669 1373 3734 „ei

271 3757 460 3820 exercituum
488 3771 562 3824 quens
586 3753 721 3806 lectionem
746 3756 846 3823 recepit
869 3753 1000 3810 Corterins
1024 3765 1051 3809 et
1074 3757 1188 3810 editores
1211 3758 1375 3825 posteriores

270 3844 419 3912 probcrnnt
449 3841 514 3895 Dein
533 3843 660 3911 puosdccs
677 3850 717 3896 ect
736 3850 760 3896 et
776 3843 911 3911 palaestro
925 3847 1003 3899 eneis
1016 3845 1118 3897 insesso
1130 3843 1268 3897 verborum
1280 3842 1375 3896 ordisse

272 3930 334 3982 dent
351 3928 435 3982 iibcd.

316 4053 319 4058 .
376 4016 404 4068 P.
423 4016 466 4070 13.

344 4106 368 4158 i.
386 4113 450 4160 ecrit
467 4121 488 4158 r.
508 4122 542 4157 m
560 4106 740 4175 superscripsit
756 4107 783 4160 in
801 4106 850 4161 its.
886 4109 910 4162 2.
928 4111 998 4166 scier
1017 4123 1117 4163 srssnm
1137 4107 1163 4162 ic
1182 4104 1226 4162 iic.
1270 4106 1296 4160 ³.
1315 4125 1376 4164 css·

273 4199 367 4268 peace
384 4190 416 4244 W
435 4199 463 4246 et
479 4208 517 4264 pr.
536 4190 582 4246 iic.

682 4386 702 4424 ti*
