2932 4700
404 357 449 413 ott
469 356 606 416 omens
623 355 849 418 ltttttttttotttttt
866 361 964 420 mun
981 363 1001 420 b
1209 367 1251 436 89

149 519 294 602 propriae
325 519 566 587 mansuetudinis.
620 523 689 588 Non
719 541 795 610 ergo
831 525 1007 590 movebatur
1036 527 1173 592 convitiis
1203 529 1252 593 oui

150 632 321 698 abundabat
341 635 491 702 bonorum
514 655 640 720 operum
663 643 853 706 conscientia.

240 747 291 812 22.
336 748 496 832 laqueis,
521 755 572 834 qui
594 755 654 818 aito
676 755 782 819 iniuria
806 743 957 835 movetur,
981 754 1049 819 lacit
1071 773 1106 820 se
1129 755 1251 841 dignum

151 860 250 924 videri
273 866 469 947 contumelia,
501 868 570 932 dum
593 870 656 932 vult
678 887 714 933 ea
736 869 876 953 indignus
898 871 1027 952 probari.
1071 869 1177 934 Melior
1204 879 1250 936 est

150 976 262 1056 itaque,
286 977 336 1057 qui
358 981 519 1043 contemnit
541 981 687 1060 iniuriam,
711 1001 798 1064 quam
819 983 870 1064 qui
887 982 986 1061 dolet;
1012 984 1061 1064 qui
1077 984 1155 1046 enim
1170 1001 1249 1049 eon·

149 1088 263 1170 temnit,
287 1093 372 1171 quasi
393 1111 453 1156 non
476 1094 593 1175 sentiat,
615 1095 655 1158 ita
677 1093 803 1178 despicit
809 1116 819 1172 ;
848 1096 898 1176 qui
923 1102 1019 1161 autem
1043 1096 1139 1179 dolet,
1162 1099 1248 1180 quasi

151 1204 291 1284 senserit,
314 1210 478 1288 torquetur.

559 1407 730 1475 CAPUT
763 1407 838 1475 VH.

150 1573 232 1639 Quam
258 1572 364 1642 pulchre
391 1573 515 1642 prooemii
540 1572 599 1625 loeo
626 1579 758 1642 usurpatus
783 1571 859 1626 suerit
885 1572 995 1641 psalmus
1020 1573 1168 1643 mutu,
1195 1593 1245 1648 quo

149 1662 268 1715 inductus
294 1663 334 1715 vir
360 1669 461 1714 sanetum
488 1661 521 1713 de
549 1661 637 1714 oiileiia
662 1661 775 1714 seribere
801 1663 945 1727 constituit,
972 1663 1049 1732 idque
1073 1663 1167 1732 potiori
1191 1665 1246 1718 iure

326 1766 400 1820 quam
419 1749 477 1801 olim
496 1747 587 1802 Cicero
606 1749 637 1801 ad
655 1749 747 1817 hlium,
769 1758 796 1804 et
815 1766 890 1820 quarn
908 1750 942 1804 ob
961 1767 1070 1805 musam.

238 1889 289 1956 23.
333 1893 438 1975 Neque
459 1891 615 1976 inprovide
638 1891 674 1954 ad
698 1909 754 1956 vos
778 1891 854 1957 hlios
879 1911 961 1957 meos
991 1895 1126 1959 scribens
1157 1896 1244 1960 huius

148 2007 253 2091 psalmi
283 2009 438 2090 prooemio
466 2025 538 2071 usus
568 2025 640 2070 sum.
686 2007 781 2082 Quem
810 2008 953 2090 psalmum
983 2010 1127 2092 propheta
1149 2009 1243 2074 David

148 2127 253 2186 sancto
275 2119 398 2186 idithum
421 2123 585 2186 canendum
610 2122 700 2201 dedit,
715 2119 745 2205 ¹)
769 2140 828 2206 ego
844 2123 929 2186 vobis
945 2124 1103 2187 tenendum
1118 2125 1242 2206 suadeo,

148 2233 311 2298 delectatus
342 2236 407 2297 eius
435 2253 527 2298 sensu
553 2233 702 2316 profundo
727 2242 756 2297 et
779 2235 888 2297 virtute
909 2237 1130 2299 sententiarum.
1174 2236 1243 2301 hd-

147 2349 291 2411 vertimus
321 2348 398 2410 enim
430 2365 468 2411 ex
497 2347 563 2424 his,
600 2364 676 2427 quae
706 2346 839 2409 breviter
867 2347 1040 2429 libavimus,
1074 2355 1103 2412 et
1135 2349 1243 2415 silendi

147 2461 316 2543 patientiam
348 2465 378 2521 et
404 2459 633 2542 oportunitatem
655 2458 798 2539 loquendi
820 2460 902 2522 etin
925 2463 1141 2541 posterioribus
1164 2481 1242 2528 oon-

146 2580 287 2657 temptum
310 2574 492 2654 divitiarum,
524 2592 602 2654 quae
625 2574 750 2636 maxima
780 2575 918 2638 virtutum
946 2576 1135 2642 fundamenta
1164 2587 1241 2662 sunt,

145 2689 203 2751 hoe
237 2689 351 2770 psalmo
385 2689 496 2752 doceri.
550 2688 627 2751 Dum
662 2689 753 2772 igitur
785 2689 863 2753 hune
894 2692 1036 2772 psalmum
1071 2693 1240 2775 considero,

146 2804 290 2866 suecessit
312 2804 409 2865 animo
434 2802 472 2866 de
495 2801 600 2866 officiis
626 2804 766 2866 scrihere.

232 2913 282 2980 et.
326 2916 372 2978 De
406 2916 511 2997 quibus
547 2918 661 2980 etiamsi
697 2917 814 2999 quidam
848 2919 1052 3001 philosophiae
1085 2897 1280 2986 studentes‘l

144 3031 335 3112 scripserint,
365 3037 397 3092 ut
418 3029 573 3093 Panaetius
597 3038 627 3094 et
649 3031 725 3094 lilius
749 3031 813 3096 eius
843 3031 921 3114 apud
944 3031 1094 3114 Graecos,
1126 3035 1239 3100 Tullius

144 3143 223 3226 apud
244 3145 382 3225 Latinos,
412 3139 474 3207 non
502 3144 629 3209 alienum
658 3146 728 3209 duxi
760 3165 777 3208 a
800 3153 904 3211 nostro
927 3166 1067 3229 munere,
1097 3158 1130 3214 ut
1152 3152 1238 3215 etiam

143 3258 209 3342 ipse
231 3259 403 3322 scriberem.
441 3259 478 3322 Et
500 3261 577 3323 siout
593 3261 706 3324 l'ullius
730 3260 765 3324 ad
788 3262 982 3326 erudiendum
1002 3262 1101 3342 lilium,
1124 3264 1163 3328 ita
1179 3283 1237 3350 ego

144 3389 264 3453 quoque
292 3370 409 3434 advos
437 3371 641 3437 informandos
670 3372 747 3436 lilios
776 3391 876 3452 meos;
907 3394 1006 3457 neque
1037 3377 1113 3440 enim
1141 3379 1237 3443 minus

142 3503 199 3550 vos
235 3484 346 3568 diligo,
385 3502 460 3566 quos
499 3487 529 3549 in
567 3487 725 3568 evangelio
765 3488 873 3570 genui,
912 3507 998 3570 quam
1035 3491 1060 3553 si
1094 3490 1236 3574 eoniugio
1281 3530 1283 3539 ι

143 3600 350 3682 suscepissem.
388 3599 456 3665 Non
472 3601 550 3663 enim
565 3601 771 3665 vehementior
790 3609 836 3667 est
857 3609 961 3666 natura
984 3602 1021 3666 ad
1044 3603 1235 3687 ddigendum,
1258 3562 1290 3636 'A

143 3733 229 3797 quam
263 3715 366 3797 gratia.
422 3714 491 3778 Plus
524 3722 606 3778 eerte
642 3715 769 3800 diligere
805 3717 946 3781 debemus
980 3735 1057 3800 quos
1090 3726 1234 3800 perpetuo

142 3831 296 3894 nobiseum
317 3837 453 3913 putamus
477 3830 609 3914 futuros,
633 3853 719 3915 mam
743 3852 818 3917 quos
840 3835 869 3897 in
891 3835 950 3900 boe
972 3838 1083 3896 tantum
1103 3806 1232 3898 saeculo.

141 3943 184 4007 llli
215 3943 382 4027 degeneres
412 3953 574 4011 naseuntur
605 3947 794 4030 frequenter,
828 3949 878 4032 qui
908 3949 1074 4015 dedeceant
1100 3955 1216 4034 patrem
1222 3969 1232 4027 3
1346 3995 1350 4002 -

142 4096 347 4108 m

211 4185 239 4255 1)
259 4183 299 4239 n.
317 4184 363 4254 aa,
381 4187 404 4242 1.
