2976 4706
399 373 446 430 DE
465 371 601 430 omaus
619 373 842 432 minantia
859 373 956 430 omna
973 375 993 432 l.
1180 375 1243 443 107

237 533 310 602 216.
356 535 441 603 Alius
472 534 699 619 distinguendae
728 537 849 601 lectioni
879 538 992 621 aptior,
1025 537 1100 602 alius
1129 537 1242 619 psalmo

154 649 287 734 gratior,
310 649 384 714 nlius
408 648 614 714 exorcizandis
633 652 684 731 qui
702 649 780 714 malo
795 648 932 714 laborant
953 651 1058 734 spiritu
1080 650 1243 730 sollicitior,

151 763 226 826 alius
245 764 378 827 sacrario
395 763 572 843 oportunior
588 761 722 824 habetur.
755 761 836 824 llaec
856 761 954 824 omnia
969 767 1084 844 spectat
1100 759 1243 825 sacerdos

152 879 183 937 at
202 873 272 954 quid
291 873 399 955 cuique
415 881 571 958 congruat,
593 873 624 936 id
643 873 733 936 ollioii
753 871 881 955 deputet.
920 873 987 949 Ouo
1007 875 1115 940 etenim
1132 891 1244 938 unum-

30 991 34 994 ’
152 1003 303 1068 quemque
330 1004 417 1050 suum
445 986 524 1050 ducit
554 986 721 1069 ingenium,
751 992 801 1049 aut
823 987 904 1069 quod
926 987 1055 1053 cilicium
1083 989 1186 1067 decet,
1215 984 1244 1049 id

152 1101 265 1164 maiore
287 1101 419 1183 inpletur
442 1101 545 1185 gratia.

239 1209 312 1278 217.
358 1214 417 1280 Sed
440 1213 470 1276 id
494 1231 561 1276 oum
583 1213 612 1274 io
641 1211 721 1275 omni
749 1212 808 1275 vita
839 1211 976 1295 dillicile,
1006 1220 1068 1278 ium
1090 1215 1120 1278 in
1143 1217 1245 1278 nostro

153 1333 221 1394 actu
251 1327 451 1393 dillioillimum
483 1333 538 1391 est.
582 1326 668 1390 Amat
697 1327 774 1391 enlm
807 1331 1013 1412 unusquisque
1041 1329 1128 1412 sequi
1156 1329 1246 1392 uitam

153 1449 318 1525 parentum.
370 1441 506 1523 lienique
536 1440 672 1523 plerique
702 1440 739 1504 ad
769 1442 898 1506 militiam
930 1444 1082 1524 feruntur,
1122 1459 1246 1524 quorum

153 1555 353 1618 militaverunt
373 1561 535 1637 parentes,
558 1551 608 1615 alii
631 1551 667 1616 ad
690 1553 822 1618 actiones
845 1554 988 1620 diversas.

243 1663 315 1732 218.
359 1666 392 1730 ln
415 1666 618 1730 aeclesiastico
648 1683 723 1730 vcro
756 1667 853 1732 ollioio
883 1670 954 1733 nihil
977 1672 1075 1736 rarius
1100 1671 1245 1752 invenias,

155 1799 243 1863 quam
274 1799 359 1862 aum,
390 1782 442 1864 qui
471 1785 614 1862 sequatur
642 1782 806 1846 institutum
835 1784 945 1866 patris,
976 1786 1026 1848 vel
1048 1785 1116 1867 quia
1146 1787 1247 1869 gravis

156 1894 288 1960 deterret
310 1902 411 1976 actus,
433 1895 567 1977 velquia
588 1897 750 1960 inlubrico
773 1903 869 1960 aetate
893 1897 1038 1962 difficilior
1060 1900 1247 1979 abstinentia,

155 2011 204 2077 vol
226 2014 295 2095 quia
317 2012 406 2076 alacri
435 2011 657 2076 adulescentiae
686 2010 803 2076 videtur
832 2013 892 2076 vita
914 2013 1090 2089 danudon
1125 2020 1156 2076 et
1177 2014 1246 2078 ideo

75 2125 77 2132 '
157 2127 194 2190 ad
232 2144 268 2191 ea
302 2133 517 2191 convertuntur
553 2125 667 2205 studia,
706 2145 783 2208 quae
819 2126 1022 2208 plausibiliora
1059 2128 1246 2192 arbitrantur.
1332 2115 1333 2124 ¹

156 2241 326 2304 Praesentia
350 2241 459 2323 quippe
480 2241 598 2322 plures,
630 2259 716 2322 quam
741 2240 837 2306 datura
859 2239 1040 2323 praeierunt.
1085 2241 1129 2304 llli
1151 2247 1248 2304 aulem

154 2355 376 2437 praesentibus,
408 2371 465 2418 nos
495 2352 601 2416 latmia
631 2353 795 2416 militamus.
840 2353 926 2417 Unde
958 2372 1019 2434 quo
1049 2357 1248 2436 praestantior

156 2483 261 2548 caula,
288 2484 326 2530 eo
349 2467 439 2533 debet
461 2485 530 2534 esse
554 2485 625 2530 cura
639 2445 793 2530 'attentior
820 2474 825 2481 ’

547 2738 720 2806 CAPUT
755 2739 860 2806 XLV.

157 2907 197 2960 lic
216 2907 321 2976 pulchro
340 2914 366 2958 et
384 2904 507 2958 honesto:
536 2904 596 2975 quid
615 2905 648 2958 sit
664 2907 731 2956 inter
748 2903 790 2956 illa
809 2904 959 2960 discriminis
978 2915 1028 2959 tam
1047 2903 1114 2976 apud
1132 2905 1251 2975 profanos

520 2991 667 3059 lauciores,
685 3008 759 3061 quam
777 3007 871 3046 saeros.

246 3151 319 3219 219.
364 3154 533 3218 Teneamus
556 3155 646 3238 igitur
667 3153 878 3218 verecundiam
902 3162 932 3218 et
954 3173 1035 3236 eam,
1062 3172 1139 3236 quae
1161 3155 1252 3218 totius

158 3269 239 3333 ritae
270 3275 406 3332 ornatum
437 3269 558 3349 attollit,
592 3268 774 3334 modestiam.
819 3271 886 3334 Non
918 3272 995 3334 enim
1028 3269 1180 3333 mediocre
1207 3276 1253 3332 est

158 3381 253 3445 rebus
285 3381 409 3465 singulis
441 3381 562 3446 modum
594 3401 718 3445 servare
748 3389 836 3464 atque
865 3384 1008 3464 inpertire
1038 3383 1190 3462 ordinem,
1222 3385 1251 3445 io

160 3513 221 3578 quo
243 3513 318 3559 vero
340 3495 493 3577 praelucet
515 3495 594 3576 illud,
618 3496 698 3578 quod
722 3498 864 3562 decorum
888 3497 1002 3577 dicitur,
1025 3498 1107 3578 quod
1129 3498 1169 3559 ita
1186 3515 1253 3561 oum

161 3609 289 3674 honesto
312 3611 463 3693 iungitur,
495 3617 527 3672 ut
552 3613 685 3692 separari
711 3629 771 3674 non
799 3618 896 3694 queat.
946 3611 1095 3692 Siquidem
1119 3618 1149 3673 et
1172 3611 1252 3692 quod

162 3722 249 3787 decet
269 3723 426 3788 honestrun
449 3729 494 3785 est
518 3728 546 3784 et
568 3722 649 3803 quod
672 3722 829 3787 honestum
852 3730 899 3786 est
921 3724 1026 3802 decet,
1052 3728 1083 3787 ul
1105 3723 1198 3806 magis
1223 3725 1252 3786 in

161 3851 300 3901 samsone
323 3837 470 3902 distinctio
493 3839 540 3915 sit,
563 3853 650 3916 quam
665 3837 695 3898 in
711 3838 821 3900 virtute
843 3835 992 3900 discretio.
1029 3835 1159 3900 Differre
1176 3840 1252 3900 enim

162 3969 199 4014 aa
221 3950 300 4013 inter
322 3968 356 4014 se
378 3950 511 4033 intellegi
532 3955 644 4032 potest,
669 3951 810 4032 explicari
834 3968 895 4015 non
917 3957 1024 4032 potest.

103 4144 106 4154 Ι
252 4063 324 4130 220.
368 4064 405 4130 Ει
426 4070 458 4127 ut
481 4081 624 4128 conemur
645 4064 755 4146 aliquid
778 4081 887 4132 eruero
910 4065 1123 4147 distinotionis,
1153 4065 1253 4130 hone-

164 4183 226 4251 stas
250 4177 332 4247 velut
360 4178 439 4249 bona
468 4177 599 4248 valitudo
621 4186 668 4244 est
690 4187 720 4248 et
748 4181 898 4270 maedam.
921 4181 1077 4252 cambutas
1107 4181 1259 4271 corporis,
