2976 4706
690 404 715 460 S.
735 401 890 458 nttunosn

641 626 811 694 CAPUT
844 625 937 692 XIII.

241 773 382 840 Iuditham,
401 791 457 826 cum
476 774 552 826 multa
569 773 683 842 pericula
701 789 748 841 pro
767 773 900 826 honestate
920 770 1044 840 subisset,
1063 771 1226 840 multiplicem
1244 785 1338 840 repor-

673 869 740 914 tasse
760 863 902 914 utilitatem.

327 1001 379 1068 82.
424 1003 504 1066 Ecce
528 1003 578 1066 tibi
601 1001 695 1066 Iudith
713 998 744 1086 ¹)
771 1021 805 1066 se
828 1002 916 1065 offert
938 1002 1097 1082 mirabilis,
1129 1019 1206 1084 quae
1230 1000 1339 1064 sormi-

242 1117 340 1179 datum
369 1116 485 1198 populis
512 1115 607 1177 virum
636 1113 858 1196 Holophernom
889 1112 966 1193 adit,
1000 1114 1196 1198 Assyriorum
1230 1115 1339 1176 triurn-

241 1229 321 1312 phali
351 1237 486 1311 saeptum
515 1235 647 1292 caterva.
693 1227 787 1304 Quem
809 1227 904 1310 primo
934 1226 1048 1290 formae
1069 1228 1164 1310 gratia
1188 1232 1218 1288 et
1241 1225 1340 1288 vultus

243 1342 354 1406 decore
370 1341 505 1424 perculit,
529 1340 637 1404 deinde
652 1341 801 1404 sermonis
826 1340 1054 1422 circumscripsit
1077 1339 1235 1423 elegantia.
1270 1338 1340 1400 Pri-

242 1473 307 1517 mus
330 1455 493 1536 triumphus
517 1457 581 1518 eius
604 1454 658 1516 suit
671 1450 704 1538 ²]
728 1452 809 1534 quod
832 1454 980 1536 integrum
1002 1450 1149 1533 pudorem
1172 1450 1209 1514 de
1235 1451 1339 1513 taber-

242 1568 349 1630 naculo
384 1567 477 1630 hostis
500 1569 633 1643 revexit3
660 1566 810 1629 secundus
843 1564 923 1646 quod
946 1566 1054 1629 femina
1077 1564 1116 1628 de
1138 1565 1205 1628 viro
1227 1581 1339 1645 repor-

243 1681 315 1743 tavit
337 1681 507 1759 victoriam,
530 1680 645 1764 fugavit
666 1681 794 1762 populos
817 1680 943 1744 consilio
967 1663 1033 1743 suo.

330 1790 382 1857 83.
426 1794 615 1858 Horruerunt
636 1795 746 1857 Persae
768 1793 922 1856 audaciam
944 1793 1017 1857 eius.
1034 1791 1066 1878 ³)
1110 1793 1235 1874 Utique,
1258 1791 1340 1874 quod

244 1907 274 1969 in
296 1907 353 1970 iilis
375 1908 570 1990 Pythagoreis
594 1907 710 1971 duobus
740 1908 900 1988 mirantur,
930 1925 992 1970 non
1015 1909 1134 1990 expavit
1155 1906 1258 1970 mortis
1272 1925 1340 1988 ,pe-

243 2021 384 2100 riculum,
418 2021 473 2085 sed
496 2041 553 2084 nec
577 2022 718 2104 pudoris,
753 2021 833 2103 quod
864 2027 910 2084 est
939 2022 1061 2105 gravius
1091 2022 1178 2084 bonis
1206 2019 1340 2084 seminis:

243 2153 305 2199 nou
327 2135 415 2198 unius
438 2136 527 2199 ictum
551 2137 716 2216 carnificis,
749 2135 804 2200 sed
826 2154 883 2198 nec
906 2136 994 2199 totius
1018 2135 1169 2198 exercitus
1192 2133 1250 2196 tela
1273 2139 1341 2195 tre-

242 2249 364 2330 pidavit.
411 2248 497 2313 Stetit
519 2251 597 2313 inter
620 2268 733 2314 cuneos
755 2250 932 2314 bellatorum
954 2249 1078 2330 femina,
1109 2249 1187 2310 inter
1208 2246 1341 2310 victricia

243 2371 338 2443 arma,
371 2379 478 2425 secura
512 2363 626 2425 mortis.
669 2362 817 2436 Quantum
847 2361 885 2425 ad
914 2361 1024 2424 molem
1047 2365 1172 2441 *spectat
1204 2357 1340 2441 periculi,

243 2477 386 2538 moritura
406 2475 571 2557 processit3
594 2483 733 2556 quantum
756 2475 793 2539 ad
816 2475 919 2554 fidem,
944 2474 1125 2536 dimicatura.

332 2585 384 2651 Sd.
427 2588 618 2650 Honestatem
647 2587 738 2669 igitur
764 2594 866 2650 secuta
897 2594 944 2650 est
971 2586 1067 2650 Iudith
1099 2594 1144 2666 et,
1177 2585 1245 2648 dum
1273 2594 1341 2648 'eam

244 2702 394 2784 sequitur,
417 2701 568 2764 utilitatem
591 2701 712 2764 invenit.
750 2699 920 2764 Honestatis
944 2701 1023 2762 enim
1045 2699 1100 2762 suit
1122 2699 1282 2782 prohibere
1300 2717 1340 2760 ne

243 2816 371 2898 populus
393 2814 442 2877 dei
463 2833 498 2876 se
521 2813 655 2896 profanis
678 2813 819 2894 dederet,
835 2810 868 2898 ⁴)
890 2833 929 2876 ne
951 2815 1025 2877 ritus
1047 2815 1160 2896 patrios
1184 2821 1214 2876 et
1235 2831 1341 2877 sacra-

243 2937 343 2993 menta
365 2927 524 3010 proderet,
554 2947 593 2990 ne
615 2945 717 2991 sacras
740 2928 891 3012 virgines,
925 2927 1029 2990 viduas
1052 2944 1184 3011 graves,
1216 2925 1339 3008 pudicas

244 3049 394 3104 matronas
416 3039 590 3103 barbaricae
612 3040 762 3104 subiceret
783 3039 950 3122 inpuritati,
979 3056 1019 3101 ne
1042 3039 1228 3103 ohsidionem
1250 3037 1340 3100 dedi-

245 3157 327 3218 tione
358 3155 508 3230 solveret;
540 3152 704 3216 honestatis
728 3152 782 3216 fuit
804 3171 838 3216 se
860 3153 946 3216 malle
966 3170 1023 3235 pro
1052 3151 1188 3216 omnibus
1216 3151 1341 3236 pericli-

245 3269 318 3349 tari,
340 3275 372 3332 ut
395 3284 498 3332 omnes
520 3267 665 3329 eximeret
686 3267 829 3348 periculo.

332 3380 383 3446 85.
429 3382 543 3456 Quanta
565 3381 729 3444 honestatis
753 3381 923 3460 auctoritas,
947 3386 979 3443 ut
997 3379 1152 3443 consilium
1168 3378 1205 3441 de
1220 3377 1341 3441 suminis

244 3499 336 3561 rebus
359 3496 467 3560 senoina
491 3495 547 3559 sihi
569 3493 747 3572 vindicaret,
779 3511 837 3555 nec
859 3493 1040 3575 principibus
1072 3492 1172 3574 populi
1203 3490 1341 3554 commit-

245 3611 336 3675 tereti
382 3611 497 3685 Quanta
519 3608 683 3672 honestatis
707 3609 885 3685 auctoritas,
909 3613 940 3669 ut
956 3607 1042 3670 deum
1062 3606 1228 3670 adiutorem
1247 3622 1340 3686 prac-

244 3733 398 3833 sumeret3
422 3731 530 3806 quanta
551 3725 665 3806 gratia,
688 3730 720 3786 ut
742 3722 909 3784 inveniret!

211 4038 213 4040 .
321 3995 348 4062 1)
366 3993 455 4046 iudith.
476 3993 518 4062 to,
539 3995 571 4048 10
590 4009 661 4062 seqq.
740 3989 973 4059 2J1bic.13,20.
1044 3989 1074 4062 3)
1092 3985 1155 4040 Ibid.
1175 3985 1216 4054 15,
1237 3987 1249 4038 1
1269 4001 1340 4055 seqq.

246 4085 276 4154 t)
294 4083 356 4136 Ibid.
375 4082 401 4148 8,
421 4082 454 4133 10
470 4098 541 4150 seqq.
