2976 4706
233 345 298 412 114
552 431 555 440 ,
680 345 706 398 s.
726 344 882 400 auanosu

231 504 326 586 iuriis,
350 522 406 585 pro
428 505 535 586 quibus
558 504 727 568 mercedem
751 505 807 568 sibi
828 504 1010 570 reddendam
1026 507 1232 571 arbitrabatur.
1270 505 1330 572 Sed

230 623 328 683 amen
358 618 492 700 quamvis
524 616 676 699 perfectus
700 615 796 681 adbuc
820 617 1001 699 perfectiora
1025 619 1195 699 quaerebat
1240 619 1329 682 lnca-

230 732 362 796 lescebat
384 732 509 796 iniuriae
532 731 639 796 dolore
664 732 747 812 quasi
771 732 872 811 bomo,
894 731 949 795 sed
970 732 1109 796 vincebat
1124 732 1229 813 spiritu
1244 731 1331 812 quasi

231 845 329 909 bonus
351 845 455 925 miles,
485 845 630 908 tolerabat
661 848 746 926 quasi
774 846 883 908 athleta
906 845 1002 910 fortis.
1047 846 1208 909 Patientiae
1231 854 1330 910 autem

230 956 297 1020 finis
319 958 536 1038 promissorum
560 958 763 1038 exspectatio,
787 965 818 1020 et
840 957 910 1021 ideo
935 958 1068 1021 dicebat:
1088 956 1119 1042 ¹)
1142 959 1255 1022 Notum
1275 961 1330 1042 foc

229 1071 316 1147 mibi,
339 1069 473 1148 domine,
492 1073 583 1151 finem
606 1091 704 1134 mecm
727 1081 757 1134 et
779 1092 937 1136 numerum
954 1074 1074 1136 dierum
1089 1093 1233 1152 meorum,
1257 1075 1329 1155 qais

230 1192 295 1261 est,
319 1192 354 1247 ut
376 1185 473 1247 sciam
497 1187 574 1266 qaid
597 1187 681 1248 desit
701 1187 785 1248 mibi.
830 1186 932 1249 Finem
955 1186 1034 1249 illum
1058 1189 1175 1268 quaerit
1196 1189 1329 1271 promis-

229 1313 331 1360 sorum
354 1297 536 1376 caelestium,
559 1297 607 1360 vel
630 1296 720 1376 illurn,
745 1297 864 1378 quando
888 1298 1095 1379 unusquisque
1116 1300 1211 1383 surgit
1226 1300 1257 1366 in
1272 1319 1328 1364 suo

230 1411 353 1474 ordine:
370 1408 403 1493 ²)
435 1411 595 1474 Primitiae
620 1411 783 1488 Christus,
816 1412 930 1475 deinde
952 1413 1004 1489 bi,
1027 1414 1082 1492 qui
1104 1421 1177 1475 sunt
1200 1413 1328 1492 Christi,

229 1524 283 1604 qai
314 1524 347 1584 io
379 1525 546 1587 edocatum
579 1526 646 1588 eius
679 1526 897 1603 crediderant,
932 1527 1043 1588 deinde
1071 1527 1154 1606 ficis.
1207 1526 1329 1591 'f'radito

230 1636 309 1700 euim
339 1655 436 1719 regno
467 1638 525 1700 deo
556 1644 585 1700 et
616 1639 691 1719 patri
724 1646 754 1701 et
784 1640 935 1702 evacuatis
960 1640 1097 1702 omnibus
1120 1640 1328 1721 potestatibus,

229 1755 262 1812 ut
286 1749 440 1830 apostolus
464 1749 555 1829 dixit,
583 1751 730 1833 perfectio
753 1754 865 1834 incipit.
910 1753 964 1817 Hic
987 1771 1061 1836 ergo
1085 1752 1328 1834 inpedimentum,

229 1863 277 1925 hic
300 1862 451 1926 infirmitas
475 1864 563 1927 etiam
591 1865 813 1946 perfectorum,
845 1867 904 1929 iilic
935 1867 1023 1947 plena
1053 1865 1210 1946 perfectio.
1256 1865 1328 1929 Ideo

230 1982 260 2038 ct
283 1975 349 2038 dics
372 1977 438 2039 iilos
460 1978 586 2058 requirit
608 1979 687 2041 vitae
711 1987 870 2060 aeternae,
894 1981 944 2060 qui
968 1987 1054 2057 sunt,
1077 1997 1139 2042 non
1162 1980 1211 2060 qui
1234 1970 1325 2061 prae·

229 2095 358 2170 tereunt,
382 2096 414 2153 ut
437 2098 602 2172 cognoscat
626 2088 775 2173 quid'sibi
799 2093 885 2172 desit,
909 2111 986 2174 quae
1009 2099 1089 2154 terra
1108 2093 1147 2155 sit
1161 2093 1328 2174 repromis-

229 2203 341 2282 sionis,
373 2209 535 2285 pcrpetuos
569 2202 683 2266 fructus
716 2203 835 2284 ferens,
870 2223 947 2285 quae
979 2205 1073 2286 prima
1105 2205 1183 2286 apud
1214 2211 1327 2286 patrem

229 2318 354 2396 mansio,
378 2335 456 2398 quae
478 2317 621 2398 secunda,
645 2337 722 2399 quae
746 2319 841 2398 tertia,
864 2319 895 2382 in
917 2319 1026 2400 quibus
1048 2337 1104 2400 pro
1127 2318 1243 2381 ratione
1259 2337 1327 2382 me-

229 2433 353 2493 ritorum
376 2429 582 2510 unusquisque
605 2430 775 2510 requiescit.

316 2538 389 2604 239.
434 2540 484 2602 llla
515 2541 606 2622 igitur
635 2540 722 2602 nobis
752 2540 940 2620 expetenda,
972 2542 1001 2602 in
1032 2543 1138 2621 quibus
1168 2541 1326 2625 perfectio,

229 2652 259 2715 in
282 2651 388 2732 quibus
410 2652 522 2714 veritas
551 2657 605 2712 est.
651 2650 706 2712 Hic
735 2651 855 2728 umbra,
888 2651 936 2714 bic
963 2652 1080 2734 imago,
1114 2653 1174 2715 illic
1204 2654 1325 2718 veritas.

229 2764 337 2828 Umbra
360 2764 390 2826 in
412 2764 499 2846 lege,
516 2759 549 2846 ³)
571 2762 671 2844 imago
694 2761 724 2824 in
749 2763 926 2844 evangelio,
948 2765 1059 2826 veritas
1083 2765 1113 2826 in
1137 2765 1325 2830 caelestibus.

228 2877 309 2942 Ante
342 2895 438 2961 agnus
469 2875 668 2954 offerebatur,
704 2874 885 2938 offerebatur
917 2876 1045 2954 vitulus3
1080 2896 1160 2943 nunc
1192 2878 1326 2942 Christus

229 2990 370 3067 offertum
393 2989 448 3053 sed
471 2988 596 3052 offertur
618 2989 704 3069 quasi
726 2988 832 3066 homo,
858 2989 942 3069 quasi
965 2991 1114 3072 recipiens
1138 2992 1309 3072 passionem
1316 3015 1326 3071 ;

229 3107 259 3165 et
282 3101 371 3165 offert
393 3119 427 3165 se
451 3102 516 3182 ipse
540 3102 624 3181 quasi
646 3100 809 3180 sacerdos,
842 3110 874 3165 ut
905 3109 1026 3185 peccata
1058 3112 1162 3169 nostra
1192 3105 1325 3186 dimittat,

192 3207 193 3210 ’
228 3213 277 3276 bio
299 3215 329 3276 in
351 3214 497 3296 imagine,
527 3212 566 3275 ibi
590 3214 788 3292 inveritate,
819 3215 870 3276 ubi
899 3213 979 3296 apud
1008 3222 1121 3297 patrem
1152 3236 1208 3299 pro
1239 3220 1326 3283 nobis

228 3327 313 3407 quasi
335 3325 497 3388 advocatus
520 3325 688 3388 intervenit.
733 3327 788 3388 Hic
818 3344 893 3410 crgo
922 3327 951 3389 in
981 3328 1111 3411 imagine
1133 3330 1326 3411 ambulamus,

227 3441 259 3502 in
281 3439 411 3522 imagine
433 3436 585 3500 videmus:
616 3438 656 3499 ibi
678 3437 755 3500 facie
779 3437 816 3499 ad
839 3436 962 3517 facicm,
985 3438 1035 3502 ubi
1058 3440 1146 3523 plena
1169 3443 1326 3526 perfectio,

228 3552 298 3631 quia
319 3550 466 3634 perfectio
490 3551 586 3614 omnis
607 3550 638 3612 in
661 3551 787 3614 veritate
812 3558 866 3614 est.

300 3793 328 3860 1)
348 3791 438 3846 Psalm.
458 3791 502 3858 38,
521 3793 546 3845 5.
616 3791 645 3855 2)
666 3788 689 3844 1.
709 3787 768 3846 Cor.
788 3791 830 3857 15,
850 3790 892 3844 23.
965 3791 1090 3862 3J110ur.
1111 3794 1153 3859 10,
1173 3794 1185 3845 1
1206 3811 1261 3864 seq.

672 4075 876 4086 ..Ἣ
