<?xml version="1.0" encoding="UTF-8"?>
<!DOCTYPE html PUBLIC "-//W3C//DTD XHTML 1.0 Transitional//EN"
    "http://www.w3.org/TR/xhtml1/DTD/xhtml1-transitional.dtd">
<html xmlns="http://www.w3.org/1999/xhtml" xml:lang="en" lang="en">
 <head>
  <title>
</title>
<meta http-equiv="Content-Type" content="text/html;charset=utf-8" />
  <meta name='ocr-system' content='tesseract 3.04.00' />
  <meta name='ocr-capabilities' content='ocr_page ocr_carea ocr_par ocr_line ocrx_word'/>
</head>
<body>
  <div class='ocr_page' id='page_1' title='image "./deofficiisminis01krabgoog_0032.png"; bbox 0 0 2932 4700; ppageno 0'>
   <div class='ocr_carea' id='block_1_1' title="bbox 583 383 1225 456">
    <p class='ocr_par' dir='ltr' id='par_1_1' title="bbox 583 383 1225 456">
     <span class='ocr_line' id='line_1_1' title="bbox 583 383 1225 456; baseline 0.012 -18"><span class='ocrx_word' id='word_1_1' title='bbox 583 385 607 438; x_wconf 80' lang='lat' dir='ltr'>S.</span> <span class='ocrx_word' id='word_1_2' title='bbox 629 383 791 440; x_wconf 68' lang='grc' dir='ltr'><strong>ΑΜΒΕΟΒΙΙ.</strong></span> <span class='ocrx_word' id='word_1_3' title='bbox 1184 389 1225 456; x_wconf 75' lang='grc'>19</span> 
     </span>
    </p>
   </div>
   <div class='ocr_carea' id='block_1_2' title="bbox 118 544 1226 968">
    <p class='ocr_par' dir='ltr' id='par_1_2' title="bbox 118 544 1226 744">
     <span class='ocr_line' id='line_1_2' title="bbox 120 544 1226 632; baseline 0.004 -22"><span class='ocrx_word' id='word_1_4' title='bbox 120 551 198 610; x_wconf 90' lang='lat' dir='ltr'>erat</span> <span class='ocrx_word' id='word_1_5' title='bbox 219 561 294 610; x_wconf 85' lang='lat' dir='ltr'>reus</span> <span class='ocrx_word' id='word_1_6' title='bbox 323 551 354 608; x_wconf 86' lang='lat' dir='ltr'>et</span> <span class='ocrx_word' id='word_1_7' title='bbox 381 544 468 610; x_wconf 88' lang='lat' dir='ltr'>attter</span> <span class='ocrx_word' id='word_1_8' title='bbox 491 545 641 613; x_wconf 87' lang='lat' dir='ltr'>emendari</span> <span class='ocrx_word' id='word_1_9' title='bbox 669 565 729 612; x_wconf 91' lang='lat' dir='ltr'>non</span> <span class='ocrx_word' id='word_1_10' title='bbox 751 553 885 632; x_wconf 88' lang='lat' dir='ltr'>potarat,</span> <span class='ocrx_word' id='word_1_11' title='bbox 913 544 950 611; x_wconf 92' lang='lat' dir='ltr'>ad</span> <span class='ocrx_word' id='word_1_12' title='bbox 973 545 1108 614; x_wconf 82' lang='lat' dir='ltr'>exsiliare</span> <span class='ocrx_word' id='word_1_13' title='bbox 1129 547 1226 614; x_wconf 83' lang='lat' dir='ltr'>desti·</span> 
     </span>
     <span class='ocr_line' id='line_1_3' title="bbox 118 657 968 744; baseline 0.001 -22"><span class='ocrx_word' id='word_1_14' title='bbox 118 658 212 722; x_wconf 83' lang='lat' dir='ltr'>navit</span> <span class='ocrx_word' id='word_1_15' title='bbox 234 675 295 722; x_wconf 87' lang='lat' dir='ltr'>nun</span> <span class='ocrx_word' id='word_1_16' title='bbox 318 657 439 722; x_wconf 90' lang='lat' dir='ltr'>muitum</span> <span class='ocrx_word' id='word_1_17' title='bbox 461 665 530 742; x_wconf 91' lang='lat' dir='ltr'>post</span> <span class='ocrx_word' id='word_1_18' title='bbox 551 658 734 744; x_wconf 79' lang='lat' dir='ltr'>induigentia</span> <span class='ocrx_word' id='word_1_19' title='bbox 757 667 968 744; x_wconf 72' lang='lat' dir='ltr'>prosequente.</span> 
     </span>
    </p>

    <p class='ocr_par' dir='ltr' id='par_1_3' title="bbox 119 759 1226 968">
     <span class='ocr_line' id='line_1_4' title="bbox 221 759 1226 856; baseline 0 -21"><span class='ocrx_word' id='word_1_20' title='bbox 221 768 273 836; x_wconf 82' lang='lat'>35.</span> <span class='ocrx_word' id='word_1_21' title='bbox 310 759 466 836; x_wconf 83' lang='lat' dir='ltr'>Paridem</span> <span class='ocrx_word' id='word_1_22' title='bbox 488 777 605 854; x_wconf 86' lang='lat' dir='ltr'>tempus</span> <span class='ocrx_word' id='word_1_23' title='bbox 627 789 693 835; x_wconf 90' lang='lat' dir='ltr'>curn</span> <span class='ocrx_word' id='word_1_24' title='bbox 716 771 753 837; x_wconf 91' lang='lat' dir='ltr'>ad</span> <span class='ocrx_word' id='word_1_25' title='bbox 776 771 914 856; x_wconf 87' lang='lat' dir='ltr'>palatium</span> <span class='ocrx_word' id='word_1_26' title='bbox 935 775 1077 854; x_wconf 74' lang='lat' dir='ltr'>pergeret</span> <span class='ocrx_word' id='word_1_27' title='bbox 1098 789 1226 855; x_wconf 83' lang='lat' dir='ltr'>eumque</span> 
     </span>
     <span class='ocr_line' id='line_1_5' title="bbox 119 883 1225 968; baseline 0.001 -20"><span class='ocrx_word' id='word_1_28' title='bbox 119 903 185 968; x_wconf 85' lang='lat' dir='ltr'>pro</span> <span class='ocrx_word' id='word_1_29' title='bbox 217 885 287 948; x_wconf 85' lang='lat' dir='ltr'>locu</span> <span class='ocrx_word' id='word_1_30' title='bbox 318 883 409 949; x_wconf 87' lang='lat' dir='ltr'>citieii</span> <span class='ocrx_word' id='word_1_31' title='bbox 439 887 536 949; x_wconf 84' lang='lat' dir='ltr'>austri</span> <span class='ocrx_word' id='word_1_32' title='bbox 564 901 778 968; x_wconf 87' lang='lat' dir='ltr'>sequeremur,</span> <span class='ocrx_word' id='word_1_33' title='bbox 808 885 970 949; x_wconf 76' lang='lat' dir='ltr'>Theodoro</span> <span class='ocrx_word' id='word_1_34' title='bbox 999 891 1069 948; x_wconf 88' lang='lat' dir='ltr'>tunc</span> <span class='ocrx_word' id='word_1_35' title='bbox 1098 887 1225 966; x_wconf 88' lang='lat' dir='ltr'>notario,</span> 
     </span>
    </p>
   </div>
   <div class='ocr_carea' id='block_1_3' title="bbox 28 997 1224 1082">
    <p class='ocr_par' dir='ltr' id='par_1_4' title="bbox 28 997 1224 1082">
     <span class='ocr_line' id='line_1_6' title="bbox 28 997 1224 1082; baseline 0 -20"><span class='ocrx_word' id='word_1_36' title='bbox 28 1029 29 1032; x_wconf 36' lang='lat'>¹</span> <span class='ocrx_word' id='word_1_37' title='bbox 122 999 183 1081; x_wconf 88' lang='lat' dir='ltr'>qui</span> <span class='ocrx_word' id='word_1_38' title='bbox 217 1003 320 1080; x_wconf 84' lang='lat' dir='ltr'>postea</span> <span class='ocrx_word' id='word_1_39' title='bbox 355 1013 468 1062; x_wconf 88' lang='lat' dir='ltr'>summa</span> <span class='ocrx_word' id='word_1_40' title='bbox 499 1015 566 1062; x_wconf 75' lang='lat' dir='ltr'>urta</span> <span class='ocrx_word' id='word_1_41' title='bbox 594 999 689 1082; x_wconf 77' lang='lat' dir='ltr'>gratia</span> <span class='ocrx_word' id='word_1_42' title='bbox 725 997 921 1062; x_wconf 78' lang='lat' dir='ltr'>tironensem</span> <span class='ocrx_word' id='word_1_43' title='bbox 951 999 1031 1061; x_wconf 83' lang='lat' dir='ltr'>rexit</span> <span class='ocrx_word' id='word_1_44' title='bbox 1058 997 1224 1078; x_wconf 87' lang='lat' dir='ltr'>ecelesiam,</span> 
     </span>
    </p>
   </div>
   <div class='ocr_carea' id='block_1_4' title="bbox 121 1111 1233 2213">
    <p class='ocr_par' dir='ltr' id='par_1_5' title="bbox 121 1111 1226 1537">
     <span class='ocr_line' id='line_1_7' title="bbox 122 1111 1226 1196; baseline 0.002 -22"><span class='ocrx_word' id='word_1_45' title='bbox 122 1129 200 1176; x_wconf 85' lang='lat' dir='ltr'>enm</span> <span class='ocrx_word' id='word_1_46' title='bbox 223 1127 296 1175; x_wconf 90' lang='lat' dir='ltr'>casu</span> <span class='ocrx_word' id='word_1_47' title='bbox 317 1111 435 1193; x_wconf 85' lang='lat' dir='ltr'>quidam</span> <span class='ocrx_word' id='word_1_48' title='bbox 461 1111 540 1195; x_wconf 84' lang='lat' dir='ltr'>pede</span> <span class='ocrx_word' id='word_1_49' title='bbox 570 1119 653 1176; x_wconf 85' lang='lat' dir='ltr'>esset</span> <span class='ocrx_word' id='word_1_50' title='bbox 683 1113 784 1196; x_wconf 90' lang='lat' dir='ltr'>tapsus</span> <span class='ocrx_word' id='word_1_51' title='bbox 815 1119 905 1193; x_wconf 79' lang='lat' dir='ltr'>atque</span> <span class='ocrx_word' id='word_1_52' title='bbox 926 1117 1091 1194; x_wconf 89' lang='lat' dir='ltr'>prostratus</span> <span class='ocrx_word' id='word_1_53' title='bbox 1113 1113 1226 1176; x_wconf 87' lang='lat' dir='ltr'>iaceret</span> 
     </span>
     <span class='ocr_line' id='line_1_8' title="bbox 121 1224 1226 1307; baseline -0.002 -17"><span class='ocrx_word' id='word_1_54' title='bbox 121 1229 158 1290; x_wconf 88' lang='lat' dir='ltr'>in</span> <span class='ocrx_word' id='word_1_55' title='bbox 192 1231 289 1304; x_wconf 90' lang='lat' dir='ltr'>terra,</span> <span class='ocrx_word' id='word_1_56' title='bbox 320 1225 436 1290; x_wconf 85' lang='lat' dir='ltr'>ridente</span> <span class='ocrx_word' id='word_1_57' title='bbox 467 1225 576 1291; x_wconf 88' lang='lat' dir='ltr'>iactum</span> <span class='ocrx_word' id='word_1_58' title='bbox 606 1243 773 1292; x_wconf 87' lang='lat' dir='ltr'>conversus</span> <span class='ocrx_word' id='word_1_59' title='bbox 794 1224 940 1290; x_wconf 85' lang='lat' dir='ltr'>sacerdos</span> <span class='ocrx_word' id='word_1_60' title='bbox 962 1226 1019 1289; x_wconf 89' lang='lat' dir='ltr'>ait:</span> <span class='ocrx_word' id='word_1_61' title='bbox 1053 1225 1149 1288; x_wconf 77' lang='lat' dir='ltr'>Etru</span> <span class='ocrx_word' id='word_1_62' title='bbox 1170 1228 1226 1307; x_wconf 80' lang='lat' dir='ltr'>qui</span> 
     </span>
     <span class='ocr_line' id='line_1_9' title="bbox 123 1336 1225 1423; baseline -0.002 -19"><span class='ocrx_word' id='word_1_63' title='bbox 123 1349 209 1416; x_wconf 82' lang='lat' dir='ltr'>star,</span> <span class='ocrx_word' id='word_1_64' title='bbox 240 1339 312 1402; x_wconf 84' lang='lat' dir='ltr'>cide</span> <span class='ocrx_word' id='word_1_65' title='bbox 333 1339 498 1403; x_wconf 74' lang='lat' dir='ltr'>semdae.</span> <span class='ocrx_word' id='word_1_66' title='bbox 527 1336 555 1423; x_wconf 89' lang='lat'>¹)</span> <span class='ocrx_word' id='word_1_67' title='bbox 607 1339 675 1416; x_wconf 82' lang='lat' dir='ltr'>Quo</span> <span class='ocrx_word' id='word_1_68' title='bbox 706 1340 787 1404; x_wconf 88' lang='lat' dir='ltr'>dicto</span> <span class='ocrx_word' id='word_1_69' title='bbox 818 1338 915 1402; x_wconf 85' lang='lat' dir='ltr'>statim</span> <span class='ocrx_word' id='word_1_70' title='bbox 945 1339 989 1418; x_wconf 90' lang='lat' dir='ltr'>is,</span> <span class='ocrx_word' id='word_1_71' title='bbox 1019 1339 1069 1419; x_wconf 88' lang='lat' dir='ltr'>qui</span> <span class='ocrx_word' id='word_1_72' title='bbox 1099 1338 1225 1403; x_wconf 74' lang='lat' dir='ltr'>uenum</span> 
     </span>
     <span class='ocr_line' id='line_1_10' title="bbox 123 1452 619 1537; baseline -0.006 -18"><span class='ocrx_word' id='word_1_73' title='bbox 123 1455 246 1537; x_wconf 89' lang='lat' dir='ltr'>lapsum</span> <span class='ocrx_word' id='word_1_74' title='bbox 266 1452 385 1533; x_wconf 83' lang='lat' dir='ltr'>riserat,</span> <span class='ocrx_word' id='word_1_75' title='bbox 408 1469 494 1518; x_wconf 89' lang='lat' dir='ltr'>suum</span> <span class='ocrx_word' id='word_1_76' title='bbox 517 1452 619 1518; x_wconf 80' lang='lat' dir='ltr'>detuit</span> 
     </span>
    </p>

    <p class='ocr_par' dir='ltr' id='par_1_6' title="bbox 125 1561 1233 2213">
     <span class='ocr_line' id='line_1_11' title="bbox 219 1561 1225 1650; baseline 0.002 -22"><span class='ocrx_word' id='word_1_77' title='bbox 219 1561 269 1630; x_wconf 76' lang='lat'>36.</span> <span class='ocrx_word' id='word_1_78' title='bbox 313 1565 369 1628; x_wconf 87' lang='lat' dir='ltr'>Per</span> <span class='ocrx_word' id='word_1_79' title='bbox 398 1565 477 1630; x_wconf 90' lang='lat' dir='ltr'>idern</span> <span class='ocrx_word' id='word_1_80' title='bbox 503 1571 619 1650; x_wconf 88' lang='lat' dir='ltr'>tempus</span> <span class='ocrx_word' id='word_1_81' title='bbox 648 1565 763 1650; x_wconf 76' lang='lat' dir='ltr'>Fritigil</span> <span class='ocrx_word' id='word_1_82' title='bbox 791 1565 938 1649; x_wconf 76' lang='lat' dir='ltr'>quaedem</span> <span class='ocrx_word' id='word_1_83' title='bbox 969 1567 1073 1650; x_wconf 75' lang='lat' dir='ltr'>regina</span> <span class='ocrx_word' id='word_1_84' title='bbox 1103 1565 1225 1632; x_wconf 79' lang='lat' dir='ltr'>dierec-</span> 
     </span>
     <span class='ocr_line' id='line_1_12' title="bbox 125 1677 1226 1763; baseline 0.002 -21"><span class='ocrx_word' id='word_1_85' title='bbox 125 1695 305 1742; x_wconf 86' lang='lat' dir='ltr'>marmorum</span> <span class='ocrx_word' id='word_1_86' title='bbox 335 1695 402 1742; x_wconf 88' lang='lat' dir='ltr'>eum</span> <span class='ocrx_word' id='word_1_87' title='bbox 423 1697 442 1742; x_wconf 94' lang='lat' dir='ltr'>a</span> <span class='ocrx_word' id='word_1_88' title='bbox 464 1677 591 1762; x_wconf 86' lang='lat' dir='ltr'>quodam</span> <span class='ocrx_word' id='word_1_89' title='bbox 613 1678 780 1744; x_wconf 81' lang='lat' dir='ltr'>Giristiano</span> <span class='ocrx_word' id='word_1_90' title='bbox 803 1681 880 1759; x_wconf 84' lang='lat' dir='ltr'>uiro,</span> <span class='ocrx_word' id='word_1_91' title='bbox 914 1680 965 1763; x_wconf 87' lang='lat' dir='ltr'>qui</span> <span class='ocrx_word' id='word_1_92' title='bbox 987 1679 1023 1743; x_wconf 92' lang='lat' dir='ltr'>ad</span> <span class='ocrx_word' id='word_1_93' title='bbox 1046 1681 1123 1744; x_wconf 88' lang='lat' dir='ltr'>iliam</span> <span class='ocrx_word' id='word_1_94' title='bbox 1146 1679 1226 1744; x_wconf 84' lang='lat' dir='ltr'>forte</span> 
     </span>
     <span class='ocr_line' id='line_1_13' title="bbox 127 1791 1233 1876; baseline 0.003 -21"><span class='ocrx_word' id='word_1_95' title='bbox 127 1793 170 1855; x_wconf 90' lang='lat' dir='ltr'>de</span> <span class='ocrx_word' id='word_1_96' title='bbox 199 1791 300 1855; x_wconf 88' lang='lat' dir='ltr'>italiae</span> <span class='ocrx_word' id='word_1_97' title='bbox 327 1793 460 1876; x_wconf 89' lang='lat' dir='ltr'>partibus</span> <span class='ocrx_word' id='word_1_98' title='bbox 490 1792 671 1874; x_wconf 82' lang='lat' dir='ltr'>advenerat,</span> <span class='ocrx_word' id='word_1_99' title='bbox 702 1793 856 1858; x_wconf 88' lang='lat' dir='ltr'>reierenta</span> <span class='ocrx_word' id='word_1_100' title='bbox 887 1795 944 1858; x_wconf 89' lang='lat' dir='ltr'>sibi</span> <span class='ocrx_word' id='word_1_101' title='bbox 973 1791 1090 1857; x_wconf 88' lang='lat' dir='ltr'>audiret</span> <span class='ocrx_word' id='word_1_102' title='bbox 1120 1793 1233 1858; x_wconf 84' lang='lat' dir='ltr'>ternam·</span> 
     </span>
     <span class='ocr_line' id='line_1_14' title="bbox 129 1903 1225 1990; baseline 0.002 -22"><span class='ocrx_word' id='word_1_103' title='bbox 129 1904 202 1985; x_wconf 83' lang='lat' dir='ltr'>viri,</span> <span class='ocrx_word' id='word_1_104' title='bbox 235 1904 352 1968; x_wconf 80' lang='lat' dir='ltr'>Christo</span> <span class='ocrx_word' id='word_1_105' title='bbox 382 1903 524 1986; x_wconf 88' lang='lat' dir='ltr'>credidit,</span> <span class='ocrx_word' id='word_1_106' title='bbox 564 1907 648 1970; x_wconf 88' lang='lat' dir='ltr'>cuius</span> <span class='ocrx_word' id='word_1_107' title='bbox 687 1906 769 1972; x_wconf 86' lang='lat' dir='ltr'>iilum</span> <span class='ocrx_word' id='word_1_108' title='bbox 809 1907 960 1970; x_wconf 81' lang='lat' dir='ltr'>servulum</span> <span class='ocrx_word' id='word_1_109' title='bbox 994 1915 1225 1990; x_wconf 74' lang='lat' dir='ltr'>recognoverat,</span> 
     </span>
     <span class='ocr_line' id='line_1_15' title="bbox 129 2017 1225 2106; baseline 0.004 -24"><span class='ocrx_word' id='word_1_110' title='bbox 129 2017 290 2100; x_wconf 84' lang='lat' dir='ltr'>missisque</span> <span class='ocrx_word' id='word_1_111' title='bbox 312 2021 484 2084; x_wconf 86' lang='lat' dir='ltr'>muneribus</span> <span class='ocrx_word' id='word_1_112' title='bbox 506 2019 543 2083; x_wconf 92' lang='lat' dir='ltr'>ad</span> <span class='ocrx_word' id='word_1_113' title='bbox 567 2021 724 2084; x_wconf 86' lang='lat' dir='ltr'>ecclesiam</span> <span class='ocrx_word' id='word_1_114' title='bbox 759 2039 814 2103; x_wconf 89' lang='lat' dir='ltr'>par</span> <span class='ocrx_word' id='word_1_115' title='bbox 843 2021 962 2106; x_wconf 79' lang='lat' dir='ltr'>legatos</span> <span class='ocrx_word' id='word_1_116' title='bbox 983 2021 1161 2102; x_wconf 84' lang='lat' dir='ltr'>postrdauit,</span> <span class='ocrx_word' id='word_1_117' title='bbox 1193 2031 1225 2086; x_wconf 93' lang='lat' dir='ltr'>ut</span> 
     </span>
     <span class='ocr_line' id='line_1_16' title="bbox 129 2129 1223 2213; baseline 0.005 -19"><span class='ocrx_word' id='word_1_118' title='bbox 129 2129 251 2212; x_wconf 88' lang='lat' dir='ltr'>scriptis</span> <span class='ocrx_word' id='word_1_119' title='bbox 280 2131 388 2212; x_wconf 88' lang='lat' dir='ltr'>ipsius,</span> <span class='ocrx_word' id='word_1_120' title='bbox 425 2131 551 2213; x_wconf 82' lang='lat' dir='ltr'>qualiter</span> <span class='ocrx_word' id='word_1_121' title='bbox 580 2131 707 2195; x_wconf 86' lang='lat' dir='ltr'>credere</span> <span class='ocrx_word' id='word_1_122' title='bbox 737 2131 875 2212; x_wconf 78' lang='lat' dir='ltr'>deberet,</span> <span class='ocrx_word' id='word_1_123' title='bbox 909 2132 1127 2198; x_wconf 73' lang='lat' dir='ltr'>informaretur.</span> <span class='ocrx_word' id='word_1_124' title='bbox 1176 2136 1223 2199; x_wconf 82' lang='lat' dir='ltr'>nd</span> 
     </span>
    </p>
   </div>
   <div class='ocr_carea' id='block_1_5' title="bbox 130 2241 1359 2332">
    <p class='ocr_par' dir='ltr' id='par_1_7' title="bbox 130 2241 1359 2332">
     <span class='ocr_line' id='line_1_17' title="bbox 130 2241 1359 2332; baseline 0.004 -26"><span class='ocrx_word' id='word_1_125' title='bbox 130 2261 220 2324; x_wconf 88' lang='lat' dir='ltr'>quarn</span> <span class='ocrx_word' id='word_1_126' title='bbox 243 2243 294 2306; x_wconf 87' lang='lat' dir='ltr'>iiie</span> <span class='ocrx_word' id='word_1_127' title='bbox 317 2243 472 2326; x_wconf 89' lang='lat' dir='ltr'>epistulam</span> <span class='ocrx_word' id='word_1_128' title='bbox 494 2242 565 2306; x_wconf 89' lang='lat' dir='ltr'>iecit</span> <span class='ocrx_word' id='word_1_129' title='bbox 585 2241 769 2324; x_wconf 84' lang='lat' dir='ltr'>praeclaram</span> <span class='ocrx_word' id='word_1_130' title='bbox 791 2244 822 2306; x_wconf 93' lang='lat' dir='ltr'>in</span> <span class='ocrx_word' id='word_1_131' title='bbox 844 2241 964 2306; x_wconf 90' lang='lat' dir='ltr'>modum</span> <span class='ocrx_word' id='word_1_132' title='bbox 985 2245 1164 2327; x_wconf 69' lang='lat' dir='ltr'>catechismi,</span> <span class='ocrx_word' id='word_1_133' title='bbox 1192 2248 1222 2310; x_wconf 92' lang='lat' dir='ltr'>in</span> <span class='ocrx_word' id='word_1_134' title='bbox 1356 2315 1359 2332; x_wconf 56' lang='grc'><em>,</em></span> 
     </span>
    </p>
   </div>
   <div class='ocr_carea' id='block_1_6' title="bbox 128 2355 1236 4364">
    <p class='ocr_par' dir='ltr' id='par_1_8' title="bbox 129 2355 1236 2900">
     <span class='ocr_line' id='line_1_18' title="bbox 130 2355 1223 2441; baseline 0 -18"><span class='ocrx_word' id='word_1_135' title='bbox 130 2375 191 2440; x_wconf 84' lang='lat' dir='ltr'>qua</span> <span class='ocrx_word' id='word_1_136' title='bbox 212 2359 306 2422; x_wconf 88' lang='lat' dir='ltr'>etiam</span> <span class='ocrx_word' id='word_1_137' title='bbox 335 2358 504 2438; x_wconf 86' lang='lat' dir='ltr'>admonuit,</span> <span class='ocrx_word' id='word_1_138' title='bbox 537 2362 569 2419; x_wconf 92' lang='lat' dir='ltr'>ut</span> <span class='ocrx_word' id='word_1_139' title='bbox 598 2355 740 2419; x_wconf 87' lang='lat' dir='ltr'>suaderet</span> <span class='ocrx_word' id='word_1_140' title='bbox 767 2358 834 2422; x_wconf 82' lang='lat' dir='ltr'>viro</span> <span class='ocrx_word' id='word_1_141' title='bbox 856 2355 996 2425; x_wconf 81' lang='lat' dir='ltr'>nomme</span> <span class='ocrx_word' id='word_1_142' title='bbox 1027 2375 1130 2441; x_wconf 81' lang='lat' dir='ltr'>pacem</span> <span class='ocrx_word' id='word_1_143' title='bbox 1152 2379 1223 2424; x_wconf 89' lang='lat' dir='ltr'>ser-</span> 
     </span>
     <span class='ocr_line' id='line_1_19' title="bbox 130 2470 1236 2558; baseline 0.005 -24"><span class='ocrx_word' id='word_1_144' title='bbox 130 2489 214 2537; x_wconf 87' lang='lat' dir='ltr'>vare.</span> <span class='ocrx_word' id='word_1_145' title='bbox 259 2473 324 2548; x_wconf 81' lang='lat' dir='ltr'>Oua</span> <span class='ocrx_word' id='word_1_146' title='bbox 347 2480 469 2554; x_wconf 90' lang='lat' dir='ltr'>accepta</span> <span class='ocrx_word' id='word_1_147' title='bbox 492 2470 618 2555; x_wconf 82' lang='lat' dir='ltr'>epistula</span> <span class='ocrx_word' id='word_1_148' title='bbox 639 2471 746 2534; x_wconf 88' lang='lat' dir='ltr'>mulier</span> <span class='ocrx_word' id='word_1_149' title='bbox 767 2472 861 2535; x_wconf 88' lang='lat' dir='ltr'>euasit</span> <span class='ocrx_word' id='word_1_150' title='bbox 883 2471 948 2534; x_wconf 85' lang='lat' dir='ltr'>viro</span> <span class='ocrx_word' id='word_1_151' title='bbox 971 2479 1004 2535; x_wconf 91' lang='lat' dir='ltr'>ut</span> <span class='ocrx_word' id='word_1_152' title='bbox 1024 2491 1091 2536; x_wconf 86' lang='lat' dir='ltr'>curn</span> <span class='ocrx_word' id='word_1_153' title='bbox 1113 2474 1236 2558; x_wconf 84' lang='lat' dir='ltr'>populu·</span> 
     </span>
     <span class='ocr_line' id='line_1_20' title="bbox 129 2586 1223 2668; baseline -0.002 -16"><span class='ocrx_word' id='word_1_154' title='bbox 129 2605 187 2652; x_wconf 85' lang='lat' dir='ltr'>ano</span> <span class='ocrx_word' id='word_1_155' title='bbox 218 2605 253 2652; x_wconf 87' lang='lat' dir='ltr'>ee</span> <span class='ocrx_word' id='word_1_156' title='bbox 281 2587 421 2652; x_wconf 83' lang='lat' dir='ltr'>Romanis</span> <span class='ocrx_word' id='word_1_157' title='bbox 451 2587 591 2650; x_wconf 70' lang='lat' dir='ltr'>maderet.</span> <span class='ocrx_word' id='word_1_158' title='bbox 643 2586 729 2663; x_wconf 75' lang='lat' dir='ltr'>Quae</span> <span class='ocrx_word' id='word_1_159' title='bbox 761 2603 827 2652; x_wconf 82' lang='lat' dir='ltr'>eum</span> <span class='ocrx_word' id='word_1_160' title='bbox 857 2586 992 2650; x_wconf 83' lang='lat' dir='ltr'>venisset</span> <span class='ocrx_word' id='word_1_161' title='bbox 1013 2587 1223 2668; x_wconf 75' lang='lat' dir='ltr'>Mediolanum,</span> 
     </span>
     <span class='ocr_line' id='line_1_21' title="bbox 129 2701 1223 2786; baseline 0.001 -20"><span class='ocrx_word' id='word_1_162' title='bbox 129 2702 286 2786; x_wconf 87' lang='lat' dir='ltr'>plurimum</span> <span class='ocrx_word' id='word_1_163' title='bbox 309 2701 412 2782; x_wconf 88' lang='lat' dir='ltr'>doluit,</span> <span class='ocrx_word' id='word_1_164' title='bbox 434 2701 514 2784; x_wconf 82' lang='lat' dir='ltr'>quud</span> <span class='ocrx_word' id='word_1_165' title='bbox 536 2707 670 2770; x_wconf 74' lang='lat' dir='ltr'>sendum</span> <span class='ocrx_word' id='word_1_166' title='bbox 691 2702 890 2783; x_wconf 89' lang='lat' dir='ltr'>sacerdotem,</span> <span class='ocrx_word' id='word_1_167' title='bbox 925 2701 961 2766; x_wconf 92' lang='lat' dir='ltr'>ad</span> <span class='ocrx_word' id='word_1_168' title='bbox 985 2721 1072 2784; x_wconf 87' lang='lat' dir='ltr'>quem</span> <span class='ocrx_word' id='word_1_169' title='bbox 1094 2702 1223 2768; x_wconf 80' lang='lat' dir='ltr'>testina-</span> 
     </span>
     <span class='ocr_line' id='line_1_22' title="bbox 132 2815 1222 2900; baseline 0 -20"><span class='ocrx_word' id='word_1_170' title='bbox 132 2821 227 2894; x_wconf 87' lang='lat' dir='ltr'>verat,</span> <span class='ocrx_word' id='word_1_171' title='bbox 251 2815 370 2879; x_wconf 81' lang='lat' dir='ltr'>minime</span> <span class='ocrx_word' id='word_1_172' title='bbox 392 2816 576 2899; x_wconf 84' lang='lat' dir='ltr'>repperisset</span> <span class='ocrx_word' id='word_1_173' title='bbox 583 2838 593 2894; x_wconf 89' lang='lat'>;</span> <span class='ocrx_word' id='word_1_174' title='bbox 626 2817 682 2880; x_wconf 90' lang='lat' dir='ltr'>iam</span> <span class='ocrx_word' id='word_1_175' title='bbox 705 2817 784 2880; x_wconf 84' lang='lat' dir='ltr'>eninr</span> <span class='ocrx_word' id='word_1_176' title='bbox 806 2816 845 2880; x_wconf 93' lang='lat' dir='ltr'>de</span> <span class='ocrx_word' id='word_1_177' title='bbox 867 2816 923 2880; x_wconf 86' lang='lat' dir='ltr'>hac</span> <span class='ocrx_word' id='word_1_178' title='bbox 944 2817 1011 2881; x_wconf 89' lang='lat' dir='ltr'>tuce</span> <span class='ocrx_word' id='word_1_179' title='bbox 1034 2816 1222 2900; x_wconf 77' lang='lat' dir='ltr'>migraverat</span> 
     </span>
    </p>

    <p class='ocr_par' dir='ltr' id='par_1_9' title="bbox 128 2927 1235 3814">
     <span class='ocr_line' id='line_1_23' title="bbox 218 2927 1223 3012; baseline 0 -18"><span class='ocrx_word' id='word_1_180' title='bbox 218 2927 269 2994; x_wconf 79' lang='lat'>37.</span> <span class='ocrx_word' id='word_1_181' title='bbox 315 2929 510 3012; x_wconf 83' lang='lat' dir='ltr'>Temporibus</span> <span class='ocrx_word' id='word_1_182' title='bbox 539 2947 614 2993; x_wconf 81' lang='lat' dir='ltr'>varo</span> <span class='ocrx_word' id='word_1_183' title='bbox 637 2928 785 3010; x_wconf 80' lang='lat' dir='ltr'>Gratiani,</span> <span class='ocrx_word' id='word_1_184' title='bbox 815 2937 849 2994; x_wconf 91' lang='lat' dir='ltr'>ut</span> <span class='ocrx_word' id='word_1_185' title='bbox 876 2937 958 2994; x_wconf 89' lang='lat' dir='ltr'>retro</span> <span class='ocrx_word' id='word_1_186' title='bbox 990 2929 1125 3010; x_wconf 85' lang='lat' dir='ltr'>redeam,</span> <span class='ocrx_word' id='word_1_187' title='bbox 1155 2949 1223 2994; x_wconf 90' lang='lat' dir='ltr'>cum</span> 
     </span>
     <span class='ocr_line' id='line_1_24' title="bbox 129 3040 1223 3126; baseline 0.003 -21"><span class='ocrx_word' id='word_1_188' title='bbox 129 3041 167 3105; x_wconf 92' lang='lat' dir='ltr'>ad</span> <span class='ocrx_word' id='word_1_189' title='bbox 190 3040 556 3124; x_wconf 82' lang='lat' dir='ltr'>praetorium-itacedonii</span> <span class='ocrx_word' id='word_1_190' title='bbox 578 3047 647 3106; x_wconf 88' lang='lat' dir='ltr'>tunc</span> <span class='ocrx_word' id='word_1_191' title='bbox 669 3041 804 3123; x_wconf 72' lang='lat' dir='ltr'>magisui</span> <span class='ocrx_word' id='word_1_192' title='bbox 827 3040 993 3106; x_wconf 84' lang='lat' dir='ltr'>officiorum</span> <span class='ocrx_word' id='word_1_193' title='bbox 1015 3060 1072 3126; x_wconf 89' lang='lat' dir='ltr'>pro</span> <span class='ocrx_word' id='word_1_194' title='bbox 1095 3045 1223 3126; x_wconf 88' lang='lat' dir='ltr'>quodam</span> 
     </span>
     <span class='ocr_line' id='line_1_25' title="bbox 128 3143 1235 3241; baseline 0.001 -21"><span class='ocrx_word' id='word_1_195' title='bbox 128 3157 326 3220; x_wconf 88' lang='lat' dir='ltr'>intercessum</span> <span class='ocrx_word' id='word_1_196' title='bbox 357 3157 542 3238; x_wconf 67' lang='lat' dir='ltr'>perrexisset</span> <span class='ocrx_word' id='word_1_197' title='bbox 571 3161 660 3238; x_wconf 83' lang='lat' dir='ltr'>atque</span> <span class='ocrx_word' id='word_1_198' title='bbox 691 3175 731 3218; x_wconf 83' lang='lat' dir='ltr'>ex</span> <span class='ocrx_word' id='word_1_199' title='bbox 752 3165 914 3240; x_wconf 89' lang='lat' dir='ltr'>praecepto</span> <span class='ocrx_word' id='word_1_200' title='bbox 947 3177 1036 3241; x_wconf 89' lang='lat' dir='ltr'>supra</span> <span class='ocrx_word' id='word_1_201' title='bbox 1069 3159 1139 3223; x_wconf 88' lang='lat' dir='ltr'>dicti</span> <span class='ocrx_word' id='word_1_202' title='bbox 1167 3143 1235 3222; x_wconf 84' lang='lat' dir='ltr'>uiri</span> 
     </span>
     <span class='ocr_line' id='line_1_26' title="bbox 129 3253 1222 3356; baseline -0.002 -18"><span class='ocrx_word' id='word_1_203' title='bbox 129 3271 214 3338; x_wconf 86' lang='lat' dir='ltr'>iores</span> <span class='ocrx_word' id='word_1_204' title='bbox 236 3271 401 3334; x_wconf 86' lang='lat' dir='ltr'>invenisset</span> <span class='ocrx_word' id='word_1_205' title='bbox 424 3270 552 3351; x_wconf 86' lang='lat' dir='ltr'>clausas,</span> <span class='ocrx_word' id='word_1_206' title='bbox 576 3289 633 3336; x_wconf 88' lang='lat' dir='ltr'>nec</span> <span class='ocrx_word' id='word_1_207' title='bbox 656 3253 771 3353; x_wconf 85' lang='lat' dir='ltr'>copiam</span> <span class='ocrx_word' id='word_1_208' title='bbox 786 3271 975 3356; x_wconf 78' lang='lat' dir='ltr'>ingrediendi</span> <span class='ocrx_word' id='word_1_209' title='bbox 989 3273 1114 3356; x_wconf 89' lang='lat' dir='ltr'>adeptas</span> <span class='ocrx_word' id='word_1_210' title='bbox 1129 3280 1222 3352; x_wconf 89' lang='lat' dir='ltr'>esset,</span> 
     </span>
     <span class='ocr_line' id='line_1_27' title="bbox 128 3382 1223 3464; baseline -0.002 -14"><span class='ocrx_word' id='word_1_211' title='bbox 128 3386 185 3450; x_wconf 93' lang='lat' dir='ltr'>ait:</span> <span class='ocrx_word' id='word_1_212' title='bbox 217 3384 259 3447; x_wconf 81' lang='lat' dir='ltr'>Et</span> <span class='ocrx_word' id='word_1_213' title='bbox 278 3393 313 3450; x_wconf 85' lang='lat' dir='ltr'>tu</span> <span class='ocrx_word' id='word_1_214' title='bbox 336 3382 460 3464; x_wconf 76' lang='lat' dir='ltr'>quidem</span> <span class='ocrx_word' id='word_1_215' title='bbox 481 3383 587 3448; x_wconf 80' lang='lat' dir='ltr'>eroice</span> <span class='ocrx_word' id='word_1_216' title='bbox 608 3383 653 3446; x_wconf 87' lang='lat' dir='ltr'>cd</span> <span class='ocrx_word' id='word_1_217' title='bbox 678 3383 851 3461; x_wconf 82' lang='lat' dir='ltr'>cauterium,</span> <span class='ocrx_word' id='word_1_218' title='bbox 884 3402 942 3446; x_wconf 79' lang='lat' dir='ltr'>occ</span> <span class='ocrx_word' id='word_1_219' title='bbox 971 3385 1089 3448; x_wconf 85' lang='lat' dir='ltr'>ciuuaia</span> <span class='ocrx_word' id='word_1_220' title='bbox 1117 3385 1223 3448; x_wconf 80' lang='lat' dir='ltr'>ianuis</span> 
     </span>
     <span class='ocr_line' id='line_1_28' title="bbox 128 3497 1223 3582; baseline -0.004 -18"><span class='ocrx_word' id='word_1_221' title='bbox 128 3501 270 3564; x_wconf 69' lang='lat' dir='ltr'>inemec</span> <span class='ocrx_word' id='word_1_222' title='bbox 305 3517 368 3582; x_wconf 81' lang='lat' dir='ltr'>qao</span> <span class='ocrx_word' id='word_1_223' title='bbox 399 3497 599 3580; x_wconf 60' lang='lat' dir='ltr'>ingressuris.</span> <span class='ocrx_word' id='word_1_224' title='bbox 656 3497 741 3573; x_wconf 80' lang='lat' dir='ltr'>oded</span> <span class='ocrx_word' id='word_1_225' title='bbox 775 3497 882 3562; x_wconf 85' lang='lat' dir='ltr'>iactum</span> <span class='ocrx_word' id='word_1_226' title='bbox 919 3505 965 3562; x_wconf 86' lang='lat' dir='ltr'>ast</span> <span class='ocrx_word' id='word_1_227' title='bbox 996 3505 1111 3563; x_wconf 67' lang='lat' dir='ltr'>matun</span> <span class='ocrx_word' id='word_1_228' title='bbox 1143 3498 1223 3560; x_wconf 84' lang='lat' dir='ltr'>Gra·</span> 
     </span>
     <span class='ocr_line' id='line_1_29' title="bbox 130 3611 1222 3696; baseline -0.001 -18"><span class='ocrx_word' id='word_1_229' title='bbox 130 3617 231 3692; x_wconf 85' lang='lat' dir='ltr'>tiano;</span> <span class='ocrx_word' id='word_1_230' title='bbox 253 3612 432 3696; x_wconf 79' lang='lat' dir='ltr'>coniugicns</span> <span class='ocrx_word' id='word_1_231' title='bbox 455 3613 564 3678; x_wconf 70' lang='lat' dir='ltr'>etent-</span> <span class='ocrx_word' id='word_1_232' title='bbox 585 3612 778 3678; x_wconf 88' lang='lat' dir='ltr'>iiacedonius</span> <span class='ocrx_word' id='word_1_233' title='bbox 809 3611 846 3678; x_wconf 89' lang='lat' dir='ltr'>ad</span> <span class='ocrx_word' id='word_1_234' title='bbox 876 3613 1032 3678; x_wconf 87' lang='lat' dir='ltr'>ecetesiam</span> <span class='ocrx_word' id='word_1_235' title='bbox 1056 3614 1222 3695; x_wconf 86' lang='lat' dir='ltr'>patentibus</span> 
     </span>
     <span class='ocr_line' id='line_1_30' title="bbox 128 3727 1190 3814; baseline -0.007 -20"><span class='ocrx_word' id='word_1_236' title='bbox 128 3730 225 3794; x_wconf 90' lang='lat' dir='ltr'>ianuis</span> <span class='ocrx_word' id='word_1_237' title='bbox 249 3728 357 3794; x_wconf 90' lang='lat' dir='ltr'>aditum</span> <span class='ocrx_word' id='word_1_238' title='bbox 380 3727 516 3810; x_wconf 86' lang='lat' dir='ltr'>reperire</span> <span class='ocrx_word' id='word_1_239' title='bbox 537 3745 597 3792; x_wconf 91' lang='lat' dir='ltr'>non</span> <span class='ocrx_word' id='word_1_240' title='bbox 618 3734 745 3810; x_wconf 83' lang='lat' dir='ltr'>poterat.</span> <span class='ocrx_word' id='word_1_241' title='bbox 1187 3809 1190 3814; x_wconf 20' lang='grc' dir='ltr'><strong><em>Ι</em></strong></span> 
     </span>
    </p>

    <p class='ocr_par' dir='ltr' id='par_1_10' title="bbox 129 3838 1222 4041">
     <span class='ocr_line' id='line_1_31' title="bbox 215 3838 1222 3924; baseline 0.001 -18"><span class='ocrx_word' id='word_1_242' title='bbox 215 3838 267 3906; x_wconf 79' lang='grc'>38.</span> <span class='ocrx_word' id='word_1_243' title='bbox 311 3841 378 3923; x_wconf 90' lang='lat' dir='ltr'>ipse</span> <span class='ocrx_word' id='word_1_244' title='bbox 407 3846 506 3906; x_wconf 83' lang='lat' dir='ltr'>uatem</span> <span class='ocrx_word' id='word_1_245' title='bbox 540 3843 587 3906; x_wconf 81' lang='lat' dir='ltr'>uir</span> <span class='ocrx_word' id='word_1_246' title='bbox 616 3843 798 3906; x_wconf 80' lang='lat' dir='ltr'>venerabilis</span> <span class='ocrx_word' id='word_1_247' title='bbox 832 3841 991 3924; x_wconf 88' lang='lat' dir='ltr'>episcopus</span> <span class='ocrx_word' id='word_1_248' title='bbox 1022 3850 1085 3906; x_wconf 88' lang='lat' dir='ltr'>erat</span> <span class='ocrx_word' id='word_1_249' title='bbox 1112 3843 1222 3908; x_wconf 87' lang='lat' dir='ltr'>multae</span> 
     </span>
     <span class='ocr_line' id='line_1_32' title="bbox 129 3952 1221 4041; baseline 0.005 -23"><span class='ocrx_word' id='word_1_250' title='bbox 129 3952 324 4028; x_wconf 84' lang='lat' dir='ltr'>abstinentiae</span> <span class='ocrx_word' id='word_1_251' title='bbox 354 3960 385 4020; x_wconf 88' lang='lat' dir='ltr'>et</span> <span class='ocrx_word' id='word_1_252' title='bbox 407 3953 562 4022; x_wconf 78' lang='lat' dir='ltr'>murrum</span> <span class='ocrx_word' id='word_1_253' title='bbox 588 3955 768 4041; x_wconf 77' lang='lat' dir='ltr'>vigiliarum,</span> <span class='ocrx_word' id='word_1_254' title='bbox 798 3953 948 4020; x_wconf 87' lang='lat' dir='ltr'>cotidiano</span> <span class='ocrx_word' id='word_1_255' title='bbox 978 3956 1088 4021; x_wconf 88' lang='lat' dir='ltr'>ieiunio</span> <span class='ocrx_word' id='word_1_256' title='bbox 1118 3975 1221 4024; x_wconf 86' lang='lat' dir='ltr'>mace·</span> 
     </span>
    </p>

    <p class='ocr_par' dir='ltr' id='par_1_11' title="bbox 200 4193 475 4266">
     <span class='ocr_line' id='line_1_33' title="bbox 200 4193 475 4266; baseline -0.015 -12"><span class='ocrx_word' id='word_1_257' title='bbox 200 4194 228 4266; x_wconf 86' lang='lat' dir='ltr'>t)</span> <span class='ocrx_word' id='word_1_258' title='bbox 249 4196 271 4255; x_wconf 86' lang='lat' dir='ltr'>t.</span> <span class='ocrx_word' id='word_1_259' title='bbox 292 4193 349 4253; x_wconf 73' lang='lat' dir='ltr'>eor.</span> <span class='ocrx_word' id='word_1_260' title='bbox 372 4194 415 4265; x_wconf 84' lang='lat' dir='ltr'>tu,</span> <span class='ocrx_word' id='word_1_261' title='bbox 433 4195 475 4258; x_wconf 67' lang='lat' dir='ltr'>ra,</span> 
     </span>
    </p>

    <p class='ocr_par' dir='ltr' id='par_1_12' title="bbox 955 4292 1011 4364">
     <span class='ocr_line' id='line_1_34' title="bbox 955 4292 1011 4364; baseline 0 -29"><span class='ocrx_word' id='word_1_262' title='bbox 955 4292 1011 4364; x_wconf 70' lang='lat'>2*</span> 
     </span>
    </p>
   </div>
   <div class='ocr_carea' id='block_1_7' title="bbox 0 0 1477 4700">
    <p class='ocr_par' dir='ltr' id='par_1_13' title="bbox 0 0 1477 4700">
     <span class='ocr_line' id='line_1_35' title="bbox 0 0 1477 4700; baseline 0 0"><span class='ocrx_word' id='word_1_263' title='bbox 0 0 1477 4700; x_wconf 95' lang='lat' dir='ltr'> </span> 
     </span>
    </p>
   </div>
  </div>
 </body>
</html>
