2976 4706
231 401 293 468 142
675 397 699 452 s.
720 395 874 453 nnnnosn

317 557 368 624 53.
405 559 489 633 Quae
511 566 580 623 sunt
601 560 706 624 beatae
729 561 879 638 mulieres,
902 561 959 624 nisi
981 562 1058 642 illac,
1081 561 1119 625 de
1142 561 1247 644 quibus
1270 559 1319 624 dl-

230 675 313 756 citur,
330 673 397 756 quia
415 673 525 738 multoc
540 674 663 737 verbum
681 673 727 737 dei
743 673 863 738 audiunt
878 679 907 737 et
922 675 1063 758 pariunt?
1074 673 1106 762 Ι)
1139 675 1175 740 Et
1191 675 1274 738 alibi:
1287 670 1320 760 2)

233 787 421 869 Quicumque
452 789 532 850 eninr
558 787 682 851 corbam
710 789 761 851 dai
791 787 920 868 feccrit,
953 791 1021 870 ipsc
1050 809 1134 854 meus
1162 787 1265 869 frater
1293 797 1322 852 ct

229 921 321 966 soror
345 911 375 965 ct
396 909 494 964 mater
516 911 571 965 cst.
616 903 673 976 Oui
696 904 782 965 etiam
805 905 890 985 pueri
914 905 954 966 tui
977 904 1069 983 beati,
1094 905 1152 986 qui*
1166 905 1320 983 adsistunt,

229 1017 285 1080 nisi
300 1016 414 1096 Paulus,
439 1017 488 1098 qui
511 1015 643 1080 dicebat:
658 1013 689 1100 8)
716 1017 814 1099 Usque
834 1019 867 1079 a'n
888 1019 970 1080 bunc
983 1019 1063 1081 diem
1078 1027 1126 1082 sto
1138 1027 1321 1098 protestans

229 1131 344 1194 minori
366 1149 404 1193 oc
426 1131 564 1193 maiori?
608 1131 755 1215 Symeon,
787 1133 835 1212 qui
866 1133 1057 1214 exspectabat
1079 1133 1109 1195 in
1131 1133 1258 1215 templo,
1289 1138 1323 1195 ut

230 1243 347 1308 videret
362 1244 596 1308 consolationem
612 1244 728 1308 lsrael?
742 1241 775 1327 1)
819 1245 975 1319 Quomodo
996 1263 1070 1330 ergo
1091 1245 1193 1309 dimitti
1208 1261 1320 1328 posce-

230 1365 293 1439 ret,
326 1359 382 1422 nisi
405 1359 473 1439 quia
496 1357 643 1422 adsistens
667 1359 785 1423 domino
816 1359 988 1423 discedendi
1018 1360 1129 1424 babere
1155 1360 1321 1424 facultatem

230 1491 290 1538 non
312 1477 443 1555 poteret,
473 1473 530 1536 nisi
553 1473 733 1535 voluntatem
757 1472 866 1536 domini
889 1474 1013 1555 adeptus
1038 1475 1144 1536 esset?
1187 1473 1321 1556 Exempli

231 1604 319 1650 causa
341 1587 513 1669 propositus
536 1587 622 1650 nobis
646 1586 785 1650 Salomon
808 1595 863 1666 est,
887 1607 903 1650 a
927 1606 987 1669 quo
1012 1588 1157 1669 certatim,
1179 1595 1211 1651 nt
1233 1587 1321 1652 audi-

230 1709 313 1766 retur
336 1700 401 1764 eius
424 1701 578 1782 sapientia,
604 1699 816 1781 postulabatur.

318 1810 370 1876 od.
407 1811 514 1894 loseph
526 1808 558 1896 ⁵)
582 1829 702 1892 quoque
724 1829 781 1873 nec
804 1811 833 1872 in
856 1829 979 1874 carcere
1003 1809 1125 1874 ieriatus
1143 1820 1216 1891 crat,
1240 1829 1320 1894 quo-

231 1928 326 1992 minus
357 1926 395 1989 de
425 1927 515 1990 rebus
546 1925 666 1988 incertis
697 1925 911 1989 consuleretur.
957 1926 1047 1989 Cuius
1077 1926 1231 1988 consilium
1253 1925 1321 1988 Ae-

230 2049 325 2128 gypto
348 2042 507 2105 universae
529 2039 650 2123 proluit,
673 2046 704 2103 ut
727 2057 787 2102 non
810 2039 934 2102 sentiret
956 2047 1069 2121 septem
1089 2057 1233 2103 annorum
1254 2047 1320 2104 ste-

230 2155 366 2220 rilitatem
389 2156 523 2238 aliosque
546 2155 674 2237 populos
698 2154 824 2216 miserae
848 2152 931 2216 lamis
953 2154 1067 2216 levaret
1089 2153 1209 2217 ieiunio.

317 2269 367 2337 55.
412 2269 517 2334 Daniel
533 2266 565 2356 ⁶)
596 2275 636 2331 eir
665 2269 786 2351 captivis
817 2269 961 2351 regalium
989 2267 1190 2332 consultorum
1212 2265 1322 2328 arbiter

231 2385 326 2450 lectus
350 2385 480 2449 consiliis
503 2383 564 2447 suis
587 2381 756 2444 emendavit
777 2383 962 2462 praesentia,
995 2380 1176 2444 adnuntiavit
1205 2378 1321 2456 iutura;

232 2518 271 2562 ex
293 2499 337 2561 bis
361 2498 454 2578 enim,
478 2514 554 2578 quae
577 2493 749 2575 trequenter
772 2495 982 2576 interpretatus
1005 2494 1177 2558 ostenderat
1199 2492 1263 2556 veri
1286 2509 1320 2556 se

232 2629 301 2676 esse
324 2610 503 2688 adnuntium,
527 2607 601 2670 iides
624 2608 652 2670 ei
674 2609 704 2670 in
727 2609 861 2671 omnibus
885 2608 1082 2672 deferebatur.

645 2805 816 2874 CAPUT
849 2807 908 2872 Xl.

233 2955 317 3009 Tertia
335 2955 463 3021 condicio,
483 2971 547 3024 quae
566 2954 598 3006 ad
615 2954 690 3007 fldem
709 2953 782 3007 alicui
801 2954 984 3007 conciliandam
1003 2953 1080 3022 valet,
1099 2957 1125 3006 in
1143 2953 1244 3021 lloyse,
1263 2954 1319 3008 lta-

516 3042 584 3095 niele
602 3058 633 3095 ac
650 3041 761 3112 loeepbo
779 3041 878 3096 fulsisse
896 3043 1042 3096 ostenditur.

319 3176 369 3243 56.
409 3177 467 3243 Sed
490 3178 576 3241 etiarn
600 3179 703 3242 tertius
725 3179 809 3242 locus
832 3177 869 3240 dc
887 3178 942 3258 bis,
965 3179 1014 3260 qui
1031 3179 1222 3242 admiratione
1239 3179 1319 3263 digni

146 3289 155 3300 “
234 3293 466 3372 aestimarentur,
488 3291 607 3374 loseph,
630 3289 794 3356 Salomonis
817 3298 847 3354 ct
861 3291 992 3354 Danielis
1015 3291 1153 3374 exemplo
1175 3289 1319 3355 decursus

213 3403 359 3470 ridetur.
402 3405 475 3468 Nam
505 3402 575 3487 quid
597 3403 635 3466 de
658 3404 763 3487 Moyse
781 3399 812 3486 7)
840 3404 962 3485 loquar,
995 3405 1078 3469 cuins
1110 3407 1205 3469 omnis
1227 3405 1320 3468 lsrael

235 3518 342 3584 cotidie
374 3518 497 3582 consilia
529 3518 780 3600 praestolabatur,
817 3536 943 3600 qnorum
974 3519 1034 3582 vita
1070 3518 1158 3582 iidem
1194 3517 1320 3582 iaciebat

235 3631 407 3714 prudentiae
430 3629 709 3712 admirationemque
732 3631 796 3693 cius
818 3631 971 3713 angebat?
1008 3630 1079 3706 Quis
1103 3649 1138 3695 se
1156 3650 1218 3696 non
1233 3649 1319 3696 eorn-

235 3744 362 3808 mitteret
384 3744 507 3808 consilio
531 3744 643 3828 lloysi,
674 3744 721 3808 cui
744 3745 897 3823 seniores,
920 3746 946 3808 si
969 3762 1027 3826 qua
1049 3762 1139 3827 supra
1161 3764 1246 3810 suum
1269 3748 1319 3810 in-

237 3857 385 3922 tellectum
407 3866 438 3923 et
459 3859 595 3922 virtutem
618 3875 687 3923 esse
707 3858 927 3939 arbitrarentur,
951 3857 1136 3922 diiudicanda
1151 3861 1318 3924 servabant.

308 4126 335 4192 1)
353 4125 412 4178 Luc.
427 4125 524 4192 rt,2o.
572 4124 817 4194 attractatam.
864 4123 892 4190 ³)
911 4123 967 4178 Act.
982 4124 1079 4191 2b,22.
1124 4127 1153 4192 4)
1165 4125 1224 4180 Luc.
1238 4128 1264 4195 2,
1276 4126 1318 4182 25.

238 4211 268 4282 5)
286 4211 347 4265 Gen.
366 4210 408 4279 tr,
432 4211 464 4263 10
481 4226 554 4282 seqq.
624 4211 654 4280 6)
673 4211 737 4265 Dan.
756 4229 778 4266 c.
796 4211 821 4265 2.
891 4211 920 4279 7)
938 4209 1019 4266 Ειοᾱ.
1039 4210 1081 4277 18,
1101 4210 1132 4264 13
1151 4227 1221 4282 seqq.
