2976 4706
410 369 456 422 DE
475 365 612 427 olricus
631 367 855 424 umisaaoault
871 367 969 423 traua
986 367 1017 424 n.
1200 373 1262 439 145
1333 402 1337 414 ,

163 526 282 592 venitur
307 529 401 609 prior.
445 529 556 592 Lucem
584 529 693 592 etenim
722 529 799 592 hanc
827 529 950 611 suscipit
978 547 1057 612 nox,
1090 523 1263 612 sapientiam

163 647 263 704 auteur
286 658 348 704 non
372 642 463 705 vincit
484 643 604 707 malitia.
623 639 654 726 ¹]

251 749 302 817 65.
347 753 483 820 Diximus
513 755 551 818 dc
581 755 646 819 eius
675 753 893 837 pulchritudino
922 760 953 818 ct
981 755 1148 838 scripturae
1176 757 1265 820 testi·

164 867 265 929 monio
289 869 559 948 conprobavimus;
581 875 721 950 superest
742 874 775 931 ut
798 866 958 932 doceamus
976 869 1141 950 scripturae
1156 876 1265 934 aucto*

163 979 251 1042 ritate
267 975 300 1062 ²)
323 978 436 1044 nullum
459 980 487 1043 ci
510 981 738 1045 contubernium
761 999 827 1044 cunr
850 981 929 1044 vitiis
952 999 1039 1060 esse,
1070 981 1125 1046 scd
1153 981 1266 1046 indivi-

165 1092 252 1156 duam
276 1109 342 1156 cum
366 1094 476 1162 ceteris
498 1094 655 1158 virtutibus
678 1093 936 1172 coniunctionem,
969 1093 1053 1156 cuius
1079 1095 1199 1176 spiritus
1222 1093 1291 1158 esl'

166 1203 313 1284 disertus,
343 1205 409 1268 sine
432 1207 673 1287 inquinamento,
704 1212 823 1286 certus,
854 1212 992 1286 sanctus,
1023 1225 1124 1271 amans
1145 1208 1266 1288 bouum,

166 1324 289 1397 acutus,
313 1318 363 1398 qui
385 1316 457 1382 nihil
479 1324 561 1382 vetet
583 1319 780 1401 benefacere,
804 1319 962 1402 benignus,
975 1319 1107 1402 stabilis,
1131 1337 1267 1400 securus,

167 1449 284 1495 omnem
308 1430 421 1494 habens
444 1431 594 1509 virtutem,
619 1432 717 1495 omnia
740 1431 937 1513 prospiciens.
982 1429 1019 1493 Et
1040 1427 1182 1516 inira:³)
1206 1433 1268 1498 So·

166 1543 321 1607 brietatem
345 1545 424 1607 enim
448 1543 539 1606 docet
560 1549 591 1607 et
611 1544 752 1608 iustitiam
776 1549 806 1607 et
829 1545 976 1606 virtutem.
1245 1537 1247 1542 ’

567 1741 739 1810 CAPUT
775 1741 868 1808 XIV.

165 1887 329 1942 Prudentiam
348 1904 405 1940 cum
424 1886 539 1940 omnibus
557 1887 691 1942 virtutibus
716 1890 877 1942 coniunctam
901 1901 976 1953 etta,
1003 1888 1111 1941 maxime
1130 1905 1193 1944 vero
1211 1905 1269 1944 eum

583 1991 660 2044 opum
679 1976 854 2056 despicientia.

256 2109 310 2176 66.
347 2111 452 2176 Omnia
475 2111 565 2194 igilur
589 2117 732 2192 operatur
753 2110 919 2192 prudentia,
943 2129 1010 2174 cum
1029 2095 1167 2176 ¹omnibus
1183 2111 1270 2176 bonis

169 2226 260 2288 habet
283 2227 474 2289 consortium.
519 2225 593 2287 Nam
617 2224 767 2305 quomodo
791 2230 891 2307 potest
913 2223 983 2287 utile
1006 2224 1161 2288 consilium
1186 2221 1269 2303 dare,

171 2339 229 2402 nisi
251 2339 359 2402 habeat
382 2338 538 2417 iustitiam,
568 2344 600 2401 ut
618 2335 724 2400 induat
746 2339 959 2417 constentiam,
985 2343 1110 2403 mortem
1132 2319 1195 2402 non
1215 2355 1271 2401 re·

172 2453 321 2533 formidet,
344 2452 426 2516 nullo
449 2461 578 2531 terrore,
600 2452 683 2514 nullo
705 2459 866 2515 revocetur
889 2458 978 2532 metu,
1000 2452 1079 2516 nulla
1101 2431 1271 2517 adulatione

167 2585 190 2630 ‘a
212 2584 287 2631 vero
310 2564 527 2629 deflectendum
542 2569 644 2646 putet3
668 2565 805 2628 exsilium
820 2582 882 2627 non
897 2565 1037 2657 reiuglat,
1060 2583 1137 2646 quae
1153 2564 1273 2630 noverit

173 2680 299 2762 sapienti
328 2679 449 2762 patriam
481 2677 619 2742 mundum
651 2695 737 2757 essc3
770 2685 934 2761 egestatem
962 2696 1023 2742 non
1045 2679 1162 2758 timeat,
1194 2696 1271 2760 quac

166 2792 245 2856 'nihil
267 2792 376 2856 deesse
399 2791 525 2872 sapienti
549 2789 639 2868 sciat,
670 2790 718 2851 cui
750 2794 828 2852 totus
860 2788 986 2853 mundus
1009 2788 1175 2853 divitiarum
1199 2788 1272 2852 est?

172 2903 252 2980 Quid
274 2905 352 2967 enim
375 2902 558 2985 praecelsius
581 2902 632 2964 illo
654 2903 731 2980 viro,
754 2902 805 2981 qui
826 2921 900 2966 auro
915 2903 1032 2966 moveri
1047 2902 1171 2980 nesciat,
1193 2919 1272 2964 con-

173 3022 314 3098 temptum
337 3017 444 3080 habeat
465 3016 675 3096 pecuniarum,
708 3021 737 3076 et
759 3015 840 3078 velut
863 3034 903 3077 cx
924 3033 996 3078 arce
1018 3014 1145 3096 quadam
1168 3014 1273 3096 despi-

174 3130 233 3193 ciat
255 3129 406 3192 hominum
429 3126 632 3209 cupiditates?
677 3126 764 3200 Quod
793 3127 844 3208 qui
870 3126 996 3208 iecerit,
1028 3128 1108 3191 hunc
1136 3127 1273 3190 homines

174 3259 266 3324 supra
287 3241 436 3305 hominem
460 3258 530 3303 esse
553 3241 747 3304 arbitrantur:
777 3239 856 3315 Quia
878 3249 943 3318 eat,
966 3241 1078 3322 inquit,
1095 3237 1129 3324 ⁴)
1150 3239 1220 3316 liic,
1245 3247 1275 3300 et

167 3351 371 3414 laudabimus
395 3351 487 3412 cam?
532 3351 726 3413 rauranum
746 3343 906 3414 mirabilia
928 3352 961 3412 iu
983 3352 1051 3414 ot'tu
1073 3370 1141 3413 saa.
1187 3350 1273 3426 0110-

175 3462 265 3528 modo
288 3463 367 3527 enim
388 3480 451 3526 non
473 3461 673 3542 admirandus,
697 3462 747 3544 qui
768 3461 884 3525 divitias
900 3463 1024 3544 spernit,
1047 3479 1120 3544 quas
1135 3461 1274 3544 plerique

167 3577 262 3642 *sauli
283 3577 424 3658 propriae
447 3575 678 3657 praetulerunt?

167 3717 172 3723 ·
264 3687 315 3754 67.
354 3690 449 3754 Decet
471 3691 563 3773 igitur
585 3707 690 3754 omnes
714 3705 841 3752 censura
864 3685 1051 3770 frugalitatis,
1074 3685 1275 3750 continentiae

168 3803 352 3882 auotoritas,
379 3811 410 3866 et
432 3804 559 3866 maxime
582 3821 659 3881 eum,
683 3803 733 3883 qui
756 3800 873 3865 honore
894 3805 1039 3883 praestet,
1062 3816 1101 3862 nc
1122 3797 1273 3881 praeemi-
1307 3851 1309 3854 .

175 3920 297 3979 nentem
319 3915 415 3981 virum
438 3915 569 3980 thesauri
591 3912 766 3995 possideant
788 3912 851 3993 sui,
878 3918 909 3974 ct
930 3910 1065 3994 pecuniis
1086 3909 1199 3974 serviat
1225 3909 1276 3991 qui

167 4139 172 4182 ¹-
247 4152 503 4225 osapuacaq.
538 4153 567 4221 a)
585 4151 800 4222 nramaamq.
835 4151 864 4220 a)
878 4153 941 4208 nra.
955 4152 1019 4221 aa.
1055 4151 1085 4219 a)
1099 4149 1176 4206 saue.
1194 4149 1274 4218 aaa.

228 4253 390 4304 macutus.
1028 4245 1068 4314 10
