2976 4706
450 341 496 396 aa
515 339 651 396 cantens
671 335 893 394 nrnrsrnoauu
911 335 1006 392 arasa
1024 337 1065 393 m.
1247 340 1308 406 199

217 511 295 568 ctum
318 502 431 566 babere
454 498 534 582 quod
555 516 617 564 non
640 500 733 564 sunt‘t
778 497 853 562 ilino
871 497 1010 563 Salomon
1033 498 1086 562 ait:
1101 495 1131 583 Ι)
1153 498 1309 564 innocens

217 617 316 678 credit
338 615 420 679 omni
441 613 546 678 carbo.
590 613 659 676 Non
688 612 882 695 uitupemnda
910 611 1049 692 facilitas,
1081 613 1137 676 sed
1163 613 1308 678 laudanda

216 729 340 792 bonitas.
391 727 456 790 lloc
487 732 534 788 est
562 727 751 790 innocentem
781 741 867 805 esse,
904 724 1046 807 ignorare
1075 725 1157 807 quod
1185 734 1308 806 noceat3

216 848 246 904 et
262 842 289 904 si
313 839 562 905 circumscribitur
584 841 621 902 ab
645 837 753 919 aliquo,
776 837 815 901 de
836 840 972 902 omnibus
991 846 1089 902 tamen
1107 839 1186 902 bena
1201 839 1310 904 iudicat

215 956 266 1038 qui
289 954 377 1017 fidem
400 971 469 1016 esse
492 955 523 1016 in
545 953 682 1016 omnibus
705 951 871 1015 arbitratur.

303 1063 354 1130 69.
399 1067 459 1130 Hac
478 1067 571 1149 igitur
590 1067 697 1130 mantis
718 1081 791 1130 suae
814 1064 974 1128 devotione
996 1065 1168 1146 inclinatus,
1190 1071 1222 1130 ut
1236 1083 1309 1131 cra-

216 1181 319 1260 deret,
344 1185 549 1244 testamentum
573 1179 734 1262 disposuit,
757 1197 860 1261 pacem
883 1178 979 1259 dedit,
1001 1179 1184 1243 confirmavit
1206 1181 1310 1246 socie·

214 1299 312 1357 tatem.
350 1294 409 1358 Sed
425 1294 474 1356 ubi
488 1294 519 1358 in
533 1299 630 1357 terras
647 1311 749 1356 eorum
766 1299 884 1356 ventum
907 1301 970 1373 est,
993 1294 1178 1376 deprehensa
1194 1293 1308 1376 fraude,

214 1404 313 1486 quod,
338 1423 405 1468 oum
426 1411 529 1468 essent
551 1405 680 1484 finitimi,
703 1405 834 1468 advenas
852 1423 886 1468 sa
906 1423 975 1468 essa
997 1407 1222 1489 simulaverant,
1244 1410 1308 1472 cir-

214 1521 422 1603 cumscriptum
437 1536 507 1582 sesa
522 1519 649 1600 populus
665 1525 778 1600 patrum
795 1517 941 1602 indignari
965 1521 1073 1602 coepit.
1109 1519 1193 1585 lesos
1210 1529 1307 1588 tamen

213 1653 335 1716 pacem,
359 1651 446 1715 quam
470 1631 611 1711 dederat,
641 1632 841 1696 reuocandam
863 1651 924 1696 non
947 1635 1077 1715 censuit,
1106 1636 1175 1717 quia
1197 1635 1308 1699 iirmata

214 1752 278 1810 erat
306 1747 482 1810 sacramenti
510 1746 673 1830 religione,
704 1765 757 1825 ne,
788 1745 857 1808 dum
880 1747 1005 1810 alienam
1027 1748 1179 1830 perfidiam
1201 1751 1307 1835 arguit,
1331 1741 1333 1748 ’

215 1877 299 1924 suam
325 1859 414 1922 fidem
442 1859 585 1924 solveret.
630 1861 764 1925 Multavit
796 1868 893 1924 tamen
926 1877 980 1925 ecs
1014 1862 1128 1926 vilioris
1159 1863 1306 1945 obsequio

212 1974 373 2036 ministerii.
420 1973 602 2036 Clementior
622 1974 785 2051 sententia,
816 1973 871 2036 sed
892 1972 1075 2052 diuturnior;
1109 1982 1207 2039 manat
1227 1977 1306 2040 enim

213 2087 318 2150 officiis
340 2105 439 2169 poena
461 2087 572 2151 vetoris
596 2087 739 2167 astutiae,
761 2086 941 2152 hereditario
964 2088 995 2150 in
1017 2087 1096 2151 huno
1118 2087 1196 2152 diem
1216 2089 1307 2154 mini·

213 2199 305 2262 sterio
328 2198 475 2281 deputata.

630 2403 801 2470 CAPUT
833 2405 894 2471 XI.

211 2549 322 2603 Inductio
345 2567 392 2620 par
415 2551 571 2604 reticentiam
599 2553 751 2606 rhetoricam
778 2552 892 2605 fraudum
919 2551 1074 2622 quarundam
1099 2554 1237 2625 exemplis,
1262 2571 1305 2609 aas

316 2648 393 2709 atque
411 2637 474 2690 alias
492 2654 581 2693 omncs
599 2643 712 2709 apertius
729 2641 754 2692 in
773 2642 895 2708 scriptura
919 2640 1031 2694 damnari
1049 2642 1200 2696 ostenditur.

300 2765 350 2830 70.
394 2767 462 2830 Non
493 2786 553 2850 ego
576 2768 606 2830 in
635 2767 847 2832 hereditatibus
874 2767 1019 2831 adeundis
1046 2767 1206 2850 digitorum
1230 2786 1306 2850 per-

211 2879 367 2944 cussiones
398 2886 427 2942 et
457 2881 527 2944 nudi
557 2883 744 2945 successoris
774 2882 945 2946 saltationes
976 2883 1085 2945 notabo
1093 2903 1103 2959 3
1134 2899 1201 2944 narn
1230 2882 1305 2946 haec

212 2993 300 3054 etiam
334 2993 425 3076 uulgo
460 2993 616 3056 notabilia:
650 3013 711 3057 non
746 2995 898 3057 simulatae
930 2994 1103 3075 piscationis
1132 2995 1304 3076 conpositas

211 3107 331 3188 copias,
361 3114 393 3169 ut
415 3108 557 3189 emptoris
586 3107 757 3171 inliceretor
788 3108 919 3170 adactus.
963 3109 1024 3171 Cur
1046 3109 1123 3172 enim
1153 3115 1212 3172 tam
1237 3115 1305 3172 stu-

210 3219 313 3284 diosus
349 3220 484 3283 luxuriae
519 3239 554 3283 oc
586 3220 756 3284 deliciarum
793 3229 931 3306 repertus
969 3229 1034 3302 est,
1071 3230 1103 3284 ut
1135 3221 1303 3286 huiusmodi

209 3331 344 3396 baudem
367 3335 542 3415 pateretur?

207 3463 209 3468 ·
297 3445 347 3510 71.
392 3447 469 3524 Quid
498 3447 569 3512 mibi
600 3453 728 3510 tractare
750 3447 789 3509 de
812 3447 1001 3530 Syracusano
1024 3447 1074 3510 illo
1097 3463 1223 3510 amoeno
1247 3465 1302 3511 se-

209 3567 354 3642 cretoque
384 3578 509 3627 secessu
540 3570 569 3625 et
600 3561 638 3624 de
661 3561 752 3626 Siculi
781 3560 907 3624 hominis
935 3559 1107 3639 calliditate,
1138 3561 1204 3641 qui,
1236 3579 1301 3623 cum

208 3678 401 3758 peregrinum
431 3677 559 3756 aliquem
589 3677 791 3758 repperisset,
824 3675 945 3758 cognito
970 3673 1050 3756 qood
1072 3674 1196 3756 cupidus
1221 3682 1302 3738 esset

209 3785 362 3852 hortorum
386 3789 551 3868 venalium,
581 3789 616 3851 ad
639 3807 761 3852 caenam
785 3789 814 3850 in
837 3788 939 3852 hortos
962 3791 1095 3872 rogavit:
1127 3789 1300 3869 promisisse

210 3899 371 3982 invitatum,
393 3904 536 3984 postridie
558 3904 704 3966 uenissez‘
719 3901 882 3968 offendisse
896 3903 956 3966 illic
971 3921 1105 3986 magnam
1122 3904 1300 3985 piscatorum

218 4050 415 4062 nanu—*-

282 4143 308 4211 1)
327 4143 400 4197 Prov.
424 4147 462 4212 tl,
484 4149 523 4202 15.
