2976 4706
375 347 421 401 DE
440 343 577 401 oblicus
595 346 817 402 nnttsottoatttt
834 347 932 403 LIBER
950 349 980 402 ll.
1166 353 1228 418 157

220 503 291 572 100.
335 507 460 572 Pulcbra
491 509 591 590 itaque
624 508 730 590 copula
761 510 913 572 seniorum
935 515 1025 592 atque
1048 509 1230 574 adulescen-

129 621 209 686 lium.
254 619 312 684 dlii
343 619 531 700 testimonio,
564 619 613 682 alii
634 619 747 684 solacio
771 627 857 699 sunt,
887 621 935 684 alii
962 623 1154 706 magisterio,
1181 623 1231 688 alii

130 733 328 798 delectationi.
368 733 477 798 Omitto
501 735 582 816 quod
597 734 737 798 Abrabae
759 736 892 799 adhaesit
907 736 963 799 Lot
986 736 1229 800 adulescentulus

129 849 216 911 etiam
237 846 455 930 proficiscenti,
475 844 503 931 ¹)
527 866 566 909 ne
589 847 667 911 lorte
690 848 747 912 boc
769 832 996 930 propinquitatis
1018 851 1113 932 magis
1137 849 1230 913 luisse

129 962 316 1026 existimetur
340 967 370 1024 et
389 962 580 1024 necessariae
601 961 717 1042 potius,
740 979 826 1043 quam
849 963 1034 1027 voluntariae
1056 963 1227 1028 adiunctio-

128 1076 184 1138 nis.
229 1075 305 1148 Ouid
337 1075 448 1137 Heliam
478 1080 568 1156 atque
590 1073 758 1138 Helisaeum
784 1074 965 1155 loquamur?
982 1072 1015 1158 ²)
1059 1075 1144 1138 Licet
1166 1093 1229 1140 non

129 1205 276 1270 expresse
308 1187 476 1250 Helisaeum
510 1188 649 1258 iuvenem
680 1187 826 1268 scriptura
856 1188 1085 1272 significaverit,
1117 1188 1229 1251 adver-

127 1299 216 1362 timus
243 1304 356 1360 tamen·
373 1303 403 1360 ct
432 1295 599 1382 colligimus
630 1297 777 1362 iuniorem
805 1298 908 1362 fuisse.
954 1299 987 1362 ln
1010 1301 1124 1364 actibus
1152 1320 1229 1384 apo-

128 1411 273 1476 stolorum
289 1407 321 1494 ³)
344 1410 493 1474 Barnabas
516 1411 647 1474 Marcum
669 1410 842 1494 adsumpsit,
871 1413 978 1476 Paulus
1003 1413 1102 1494 Silam,
1123 1415 1229 1480 Paulus

129 1524 331 1603 Timotheum,
354 1523 459 1586 Paulus
482 1523 587 1586 Titum.

219 1633 289 1700 101.
334 1635 394 1700 Sed
424 1635 481 1698 illis
511 1636 718 1717 superioribus
751 1636 887 1700 videmus
919 1637 1013 1702 divisa
1045 1638 1161 1720 officia,
1198 1647 1231 1703 ut

128 1750 266 1814 seniores
290 1749 415 1812 consilio
437 1747 663 1830 praevalerent,
686 1749 820 1814 iuniores
843 1751 1016 1816 ministerio.
1054 1752 1230 1834 Plerumque

129 1865 215 1928 etiam
231 1862 388 1926 virtutibus
403 1878 503 1942 pares,
525 1861 661 1943 dispares
676 1864 831 1942 aetatibus,
849 1864 896 1928 sui
910 1863 1096 1928 delectantur
1112 1865 1229 1947 copula,

129 1975 206 2038 sicut
222 1972 443 2036 delectabantur
456 1973 562 2036 Petrus
582 1981 613 2037 et
626 1973 762 2037 loannes.
808 1973 882 2038 Nam
905 1974 1126 2040 adulescentem
1148 1977 1230 2062 legi-

128 2103 194 2148 mus
217 2086 248 2148 in
270 2084 429 2168 evangelio
451 2085 591 2149 loannem
615 2091 645 2147 et
666 2103 721 2148 sua
744 2103 838 2162 voce,
869 2086 939 2150 licet
970 2090 1082 2152 meritis
1115 2096 1146 2150 et
1173 2106 1229 2152 sa-

128 2198 239 2280 pientia
257 2198 328 2260 nulli
345 2197 435 2261 fuerit
453 2199 606 2262 seniorum
623 2199 791 2276 secundns3
815 2206 880 2262 erat
895 2201 972 2263 enim
988 2202 1018 2263 in
1034 2219 1072 2264 eo
1087 2208 1229 2264 senectus

129 2311 310 2374 venerabilis
332 2327 449 2374 morum
473 2316 503 2373 et
534 2329 608 2374 cana
638 2310 802 2392 prudentia.
847 2312 912 2375 Vita
943 2314 1022 2376 enim
1053 2313 1230 2379 inmaculata

129 2424 229 2488 bonae
251 2422 414 2486 senectutis
441 2420 619 2502 stipendium
642 2428 694 2485 est.

528 2601 699 2668 CAPUT
735 2601 829 2666 XXI.

128 2737 265 2791 Plurimum
292 2738 379 2792 valere
408 2740 440 2792 ad
469 2741 731 2806 commendationem,
759 2742 779 2792 si
804 2739 925 2792 delendas
950 2741 1060 2794 infirmos
1087 2750 1130 2794 aut
1150 2757 1230 2810 pere·

128 2827 216 2894 priuos
233 2827 355 2894 suscipias
377 2825 500 2879 similiave
524 2827 607 2878 officia
631 2826 769 2892 exbibens,
791 2834 817 2878 et
835 2826 885 2878 hoc
904 2827 1012 2880 maxime
1030 2829 1090 2881 viris
1108 2829 1229 2896 probatis.

128 2909 180 2963 Ubi
198 2913 291 2964 iniecta
309 2914 431 2966 avariciae
449 2915 633 2982 vituperatione
651 2915 810 2983 potissimum
829 2913 999 2982 prodigalitas
1014 2915 1038 2966 io
1054 2915 1230 2969 sacerdotibus

598 3001 754 3069 inprobatur.

162 3173 165 3178 ,
195 3157 197 3160 -
222 3110 291 3176 102.
337 3112 466 3177 Adiuvat
489 3113 548 3176 hoc
570 3131 690 3194 quoque
707 3114 742 3177 ad
765 3113 932 3196 proiectum
954 3115 1052 3178 bonae
1075 3114 1230 3177 existima-

130 3226 229 3305 tionis,
251 3226 278 3288 si
293 3225 331 3288 de
344 3227 476 3308 potentis
499 3227 631 3290 manibus
654 3228 764 3310 eripias
781 3229 910 3310 inopem,
935 3227 973 3290 de
992 3233 1090 3289 morte
1105 3225 1230 3294 damna·

130 3344 192 3400 tum
207 3355 306 3419 eruas,
329 3345 469 3420 quantum
484 3339 549 3402 sine
568 3341 791 3421 perturbatione
806 3339 871 3402 fieri
886 3343 994 3420 potest,
1017 3355 1056 3399 ne
1076 3335 1229 3402 videamur

122 3451 285 3514 iactantiae
312 3451 406 3534 magis
437 3467 527 3514 causa
549 3451 650 3515 iacere
672 3471 759 3533 quam
781 3449 1005 3515 misericordiae
1036 3455 1067 3512 et
1088 3451 1230 3534 graviora

129 3563 245 3626 inferre
267 3563 406 3642 vulnera,
441 3561 509 3626 dum
532 3563 693 3626 levioribus
722 3562 837 3626 mederi
866 3560 1077 3627 desideramus.
1122 3562 1229 3633 Iamsi

130 3690 309 3756 oppressum
339 3674 445 3755 opibus
474 3674 603 3756 potentis
625 3681 656 3736 et
678 3673 807 3738 factione
839 3674 953 3757 magis,
988 3694 1075 3756 quam
1105 3675 1229 3740 sceleris

121 3789 178 3851 -sui
201 3788 299 3870 pretio
322 3792 476 3870 gravatum
497 3775 691 3866 liberaveris,
714 3784 858 3868 egregiae
876 3784 1059 3850 convalescit
1081 3785 1229 3868 opinionis

130 3900 340 3965 testimonium.

203 4137 231 4203 1)
250 4138 341 4194 eene.
362 4139 405 4206 m,
423 4140 448 4194 a.
519 4141 549 4209 a)
569 4139 593 4193 a.
613 4139 676 4211 neg.
698 4140 801 4208 m,21.
873 4139 902 4207 e)
919 4141 977 4196 aar.
997 4142 1030 4196 ia
1046 4102 1075 4208 'e
1093 4141 1153 4196 no,
