2976 4706
218 339 280 404 196
670 337 695 392 S.
714 335 869 392 naeuosu

304 495 354 564 dt.
398 497 503 562 Parum
537 505 584 564 est
622 497 703 584 quod
733 499 883 584 paoercia
913 497 1025 564 addidit
1057 499 1137 584 quod
1166 503 1253 568 etiarn
1283 505 1314 568 in

219 611 299 676 bello
323 611 419 676 doluit
443 611 575 676 occisum
595 616 625 674 ei
642 609 781 675 debiliter
803 611 968 693 deploravit
990 611 1111 676 dicens:
1131 609 1159 697 ¹)
1182 614 1314 692 Montes,

216 728 270 810 qai
293 729 369 790 estis
391 728 426 790 im
451 727 584 805 Gelbae,
618 745 812 806 aequares,
844 746 943 807 meque
967 728 1079 806 plavia
1101 727 1198 790 eadat
1218 747 1314 808 saper

215 859 293 914 σου
318 851 437 904 montes
459 841 586 918 mortis,
618 841 767 921 quoniam
789 841 833 904 idi
855 841 984 903 sublata
1006 849 1053 904 est
1071 842 1227 921 mutuatio
1246 861 1314 924 po-

216 957 358 1030 tentium,
381 954 535 1033 protentio
557 953 645 1014 Saul.
689 953 759 1014 Non
782 963 829 1015 est
850 962 962 1015 amatus
981 955 1014 1014 in
1031 955 1098 1018 oleo
1115 963 1145 1017 et
1158 956 1314 1034 saayaiae

215 1067 449 1131 vulneratorum
472 1077 501 1130 el
523 1089 563 1130 aa
582 1069 677 1146 adipe
708 1067 964 1148 bellioeraatiam.
1009 1068 1132 1149 Sanitta
1162 1069 1315 1132 loaatltae

216 1200 280 1243 nom
304 1187 351 1244 est
369 1198 499 1244 reuersa
520 1187 606 1242 retro
628 1187 659 1241 et
678 1179 806 1261 alodius
828 1179 907 1241 Saul
929 1199 992 1243 non
1015 1189 1063 1243 est
1083 1201 1231 1247 reuersas
1252 1201 1313 1246 aa·

217 1313 301 1358 raas.
347 1293 427 1356 Saul
448 1301 478 1355 el
493 1292 650 1356 lamatltan
672 1294 809 1372 spediosi
831 1302 862 1356 et
883 1295 1058 1373 carissimi,
1082 1297 1315 1376 inseparabiles

215 1411 250 1473 ia
270 1411 338 1471 uita
360 1427 438 1485 saa,
467 1414 498 1468 el
519 1407 553 1468 im
577 1415 673 1470 morte
695 1427 759 1472 non
780 1416 854 1470 sant
874 1409 1023 1488 separati.
1067 1409 1166 1492 Sapor
1188 1412 1315 1492 aquilas

182 1488 190 1512 Ι
216 1523 368 1598 leuiores,
403 1541 498 1603 saper
531 1523 637 1586 leones
667 1523 870 1600 potentiores.
924 1523 1025 1586 Filiae
1058 1523 1162 1587 lsrael
1188 1527 1316 1605 plorata

216 1655 312 1716 saper
333 1635 427 1712 Saul,
462 1635 515 1716 qai
537 1634 688 1698 vestiebat
708 1655 765 1698 aas
785 1637 969 1699 uestimenta
996 1639 1146 1701 coccinea
1169 1659 1236 1702 eam
1259 1660 1313 1704 ar-

216 1757 358 1813 mamento
380 1757 504 1825 aestro,
538 1748 593 1829 qai
614 1748 782 1829 imponebat
805 1769 916 1812 aarum
937 1770 1031 1832 saper
1052 1753 1237 1816 vestimenta
1258 1773 1312 1816 ae·

216 1869 292 1925 stra.
339 1857 499 1935 anmoda
530 1860 711 1924 ceciderant
736 1868 878 1939 potentes
902 1862 936 1924 in
957 1865 1061 1926 media
1082 1869 1216 1945 paona?
1258 1869 1313 1932 la-

215 1975 333 2037 notam
356 1973 390 2034 in
411 1980 510 2036 morte
541 1973 724 2035 vulneratas
746 1981 801 2035 est.
845 1973 946 2037 Doleo
971 1975 1004 2038 im
1028 1984 1073 2054 te,
1103 1979 1208 2058 frater
1228 1999 1316 2042 meas

216 2087 387 2164 Ionatham,
419 2085 582 2166 speciosas
615 2087 690 2149 milti
719 2087 821 2150 ualde.
869 2087 1033 2152 Ceciderat
1063 2110 1151 2153 antor
1180 2099 1249 2155 taus
1279 2094 1313 2154 ia

216 2220 281 2278 me,
303 2201 388 2262 sieat
407 2219 495 2264 amor
516 2200 686 2264 malderum.
735 2199 897 2274 Quomodo
921 2201 1099 2266 aeciderunt
1116 2211 1260 2282 potentes
1284 2212 1316 2267 el

213 2315 377 2394 perierant
398 2334 487 2377 arma
510 2314 785 2392 concupiscenda?

303 2423 356 2492 62.
401 2427 485 2500 Quae
509 2434 604 2490 mater
626 2429 743 2490 unicum
766 2428 810 2490 sie
834 2427 959 2490 dederet
980 2428 1088 2508 lilium,
1119 2431 1317 2510 quemadmo-

217 2540 286 2603 dum
300 2540 349 2602 hia
365 2539 486 2603 deflevit
508 2541 679 2604 inimicum?
723 2541 795 2614 Quis
818 2543 932 2624 gratiae
955 2549 1107 2604 auctorem
1130 2543 1216 2604 tantis
1239 2562 1317 2625 pra·

217 2660 397 2735 sequeretur
424 2653 578 2731 laudibus,
610 2652 726 2733 quantis
756 2653 813 2714 iste
842 2659 1022 2733 prosecutus
1046 2661 1092 2715 est
1113 2653 1316 2718 insidiatorem

217 2768 321 2849 capitis
361 2766 436 2830 sui‘l
492 2767 585 2840 Quam
621 2767 670 2848 pie
708 2765 820 2846 doluit,
852 2773 974 2847 [quanto
1012 2767 1153 2849 ingemuit
1190 2767 1316 2831 affectat

216 2880 370 2945 Aruerunt
398 2887 515 2944 montes
546 2877 721 2961 prophetico
754 2877 909 2942 maledieto
934 2884 964 2942 ei
986 2879 1085 2943 divina
1114 2881 1161 2942 vis
1188 2887 1316 2944 senten-

217 2994 286 3054 iiam
307 2991 511 3056 maledicentis
534 2992 662 3073 inplevit
708 2992 809 3074 lisque
830 3011 886 3074 pro
909 2993 1013 3075 regiae
1035 2994 1119 3057 neeis
1142 2995 1316 3076 spectaculo

217 3123 345 3188 poenam
367 3105 513 3168 elementa
535 3105 700 3169 solverunt.

305 3217 355 3284 63.
401 3219 476 3294 Ouid
507 3237 582 3283 vero
615 3219 652 3282 de
682 3227 785 3284 sanato
818 3220 978 3284 Nabuthe‘l
1024 3222 1107 3296 Quae
1140 3221 1194 3284 luit
1225 3239 1313 3283 causa

218 3334 340 3414 mortis,
363 3333 420 3395 nisi
442 3333 605 3397 honestatis
629 3333 860 3415 contemplatio?
904 3333 977 3395 Nam
999 3352 1065 3396 eum
1081 3335 1116 3396 ab
1138 3352 1176 3397 eo
1198 3333 1315 3396 vineam

218 3467 276 3512 rex
297 3456 449 3532 posceret,
472 3448 627 3529 pecuniam
650 3447 785 3510 daturum
808 3465 843 3510 se
864 3447 1021 3528 pollicens,
1044 3447 1217 3511 indecorum
1239 3465 1314 3530 pre-

217 3563 288 3624 tium
304 3579 359 3643 pro
375 3568 499 3643 paterna
518 3563 668 3624 recusavit
690 3560 854 3623 hereditate
877 3561 1038 3642 maluitque
1054 3566 1149 3623 morte
1165 3559 1314 3624 declinare

218 3671 386 3736 huiusmodi
408 3671 626 3753 turpitudinem.
672 3671 743 3734 Noa
765 3672 859 3750 mitt,
884 3673 995 3753 inquit,
1014 3670 1046 3756 ²)
1068 3675 1126 3754 fiat
1141 3693 1161 3735 a
1177 3674 1314 3750 domino,

218 3787 342 3848 aldem
374 3785 430 3846 tibi
453 3787 654 3848 hereditatem
679 3796 805 3866 patrum
834 3807 989 3860 meoram;
1019 3786 1077 3850 hoc
1108 3794 1170 3866 est,
1204 3795 1315 3850 uniunt

219 3900 288 3962 mihi
311 3900 503 3981 approbrium
525 3917 585 3962 non
608 3903 673 3980 fiat,
705 3921 767 3964 non
788 3903 936 3983 permittat
961 3902 1035 3964 deus
1066 3909 1178 3964 tautum
1208 3908 1315 3964 extor-

290 4149 317 4214 1)
337 4150 362 4201 2.
381 4149 445 4218 ng.
466 4149 489 4214 l,
509 4149 537 4200 21
560 4151 645 4219 seqq(
703 4151 731 4216 2)
751 4151 774 4203 3.
794 4151 856 4218 ling.
879 4151 921 4215 20,
941 4149 965 4203 3.
