2894 4716
523 391 568 452 Ab
589 395 614 451 S.
634 389 833 450 nueeostuu.
1156 393 1226 462 355

135 563 218 629 4404,
238 566 311 631 titius
327 577 403 615 meus
421 562 563 628 amplietur
582 561 690 626 insepti,
711 559 785 625 titius
803 573 878 608 moun
898 557 1042 632 ampliatus
1059 556 1173 619 solutes,
1191 557 1226 621 fit.

134 671 169 706 nr.
188 655 301 706 0404000.
321 650 361 701 ed.
382 646 454 711 cot..
480 649 553 714 fitius
577 647 720 712 amplietur
744 645 948 710 4000100004,
971 645 1044 709 fitius
1067 659 1143 696 meus
1167 662 1227 696 om-

134 739 248 807 phacio,
274 738 374 790 zelotes
392 737 465 802 fitius
483 750 573 795 moue,
601 735 636 799 fit.
655 749 688 782 m.
709 732 776 782 odet.
793 729 852 782 edd.
875 727 977 780 Amerb.
997 727 1093 782 Erssm.
1114 727 1183 782 Cost.
1203 738 1229 784 et

135 825 236 889 Piston,
253 827 325 891 fitius
344 821 418 876 meus
438 824 589 890 ampliatus,
607 822 701 884 Ieeepts
719 821 793 886 filius
811 835 886 872 meus
906 821 1055 884 arrepticius,
1073 823 1133 874 seio
1147 836 1228 888 eppe-

137 919 218 976 tttuo‚
238 915 273 978 fit.
293 929 326 962 m.
346 913 413 964 0404.
434 917 567 962 revertero
586 908 619 960 eti
635 923 676 959 mo
694 905 777 956 editor
794 905 921 956 Romanus
939 907 1083 958 versionem
1102 909 1229 976 antiquom

136 1001 284 1066 respiciens,
302 1002 375 1068 titius
395 999 510 1064 ampliet.
528 1014 561 1048 ue.
576 997 680 1063 ioseph,
699 997 734 1059 tii.
752 997 868 1063 ampliet.
886 1012 930 1057 m..
948 997 1048 1048 zelotes
1065 998 1100 1063 fii.
1113 1012 1148 1046 m.
1161 997 1228 1047 0404.

137 1086 196 1138 Broc.
217 1085 295 1138 bitur.
316 1085 380 1137 Giib.
418 1083 529 1135 Graecus
547 1090 631 1134 eutem
653 1089 735 1133 textus
759 1083 793 1132 itu
818 1079 909 1132 hebet!
936 1079 984 1136 υἱὸς
1002 1079 1126 1144 ηὐξημένος
1141 1076 1230 1144 Ἰωσὴφ,

135 1171 185 1228 υἱός
208 1169 331 1236 ηὐξημενος
354 1190 402 1234 μου
425 1165 526 1232 ζηλωτός
550 1187 571 1216 κ.
590 1187 611 1218 τ.
630 1169 650 1216 λ.
695 1167 720 1218 3.
740 1170 846 1221 atlt'ttvet
865 1167 894 1218 W
915 1175 941 1218 ei
959 1166 1012 1218 Bbc
1030 1167 1231 1220 adsentientibus

137 1261 195 1312 edd.
217 1261 270 1312 Col.
290 1259 356 1310 Med.
374 1256 477 1310 Amerb.
497 1255 594 1308 Eresm.
614 1255 683 1308 Cost.
704 1255 804 1319 Piston,
825 1274 841 1306 e
860 1258 993 1309 iuventute
1011 1252 1055 1306 tn.
1093 1253 1166 1316 Quod
1185 1269 1230 1308 se·

138 1352 221 1418 quitur
240 1359 263 1402 te
282 1364 330 1400 om.
352 1347 395 1398 Bb.
433 1343 482 1396 Pro
502 1349 567 1398 deus
587 1343 638 1396 Boc
657 1343 776 1394 exhibent
795 1347 924 1397 domiuus.
963 1341 1024 1393 Tum
1043 1346 1175 1397 benedicet
1194 1340 1230 1392 Bb

138 1445 164 1488 et
189 1436 342 1502 exemplaris
368 1433 422 1487 Coi.
448 1434 514 1485 Med.
542 1434 643 1485 Amerb.
664 1432 759 1485 Eresm.
779 1431 847 1484 Cost.
867 1431 957 1483 Pistor.
993 1429 1110 1483 Pronum.
1128 1441 1152 1486 te
1169 1433 1194 1484 h.
1213 1432 1230 1484 4.

138 1540 187 1576 cm.
208 1522 255 1586 W,
274 1524 299 1573 in
319 1521 359 1574 04.
379 1521 450 1573 Rom.
470 1521 564 1590 legitur
583 1525 636 1574 4444.
673 1522 698 1572 4.
717 1530 749 1584 04,
770 1520 837 1589 quod
857 1518 956 1571 Graeco
975 1527 1043 1571 textu
1063 1521 1232 1584 confirmetur,

137 1609 210 1662 sbost
229 1625 242 1660 s
262 1610 336 1662 0044.
355 1610 480 1674 omnibus,
498 1617 525 1659 ut
543 1608 575 1661 ob
592 1608 649 1660 edd.
662 1607 800 1658 Romanum
818 1607 1036 1660 antecedentibus.
1069 1608 1131 1660 Voc.
1147 1617 1233 1662 terrae

137 1698 203 1750 mele
223 1697 262 1748 bis
279 1699 379 1766 ponitur
398 1699 424 1748 in
442 1694 521 1760 44040,
541 1705 568 1746 ut
587 1699 610 1746 in
630 1695 689 1746 edd.
703 1695 780 1746 Maur.
798 1703 824 1746 et
837 1694 901 1746 Giib.
939 1695 964 1746 5.
984 1699 1144 1749 Preeuotees
1163 1693 1232 1746 Coss.

139 1795 164 1838 et
181 1787 206 1835 in
227 1802 276 1852 urg.
298 1784 427 1836 Pistorius.
464 1785 487 1834 6.
506 1788 633 1837 mentium
650 1783 825 1848 monentium]
844 1782 922 1833 Huius
941 1782 1125 1850 cacophonise‚
1143 1783 1165 1834 si
1184 1797 1234 1851 qus

139 1880 193 1935 est,
221 1870 310 1922 similia
335 1870 406 1937 ptura
431 1865 561 1937 congessit
579 1868 695 1936 exemplo
713 1872 770 1923 0440
789 1867 851 1918 Exc.
870 1867 923 1919 4444.
943 1870 973 1920 04
994 1869 1043 1920 Cic.
1064 1870 1097 1920 ‹ie
1115 1885 1143 1920 re
1162 1867 1232 1935 publ.

140 1957 181 2008 ed.
201 1955 293 2008 Ossun.
314 1967 339 2007 et
358 1958 389 2007 od
409 1956 486 2008 Tscit.
506 1955 571 2006 Anu.
588 1955 607 2007 1.
621 1957 662 2006 24.
681 1972 706 2022 p.
721 1956 780 2006 144.
817 1957 842 2007 2.
862 1956 893 2006 sb
913 1958 954 2006 im.
974 1961 1030 2022 Qut
1046 1961 1124 2011 otrus
1142 1967 1182 2010 sot
1201 1986 1233 1996 -

139 2048 168 2097 iu
185 2049 260 2108 rubo,
279 2048 369 2098 vectet
387 2044 505 2110 rescripsi
525 2059 557 2094 ex
575 2043 648 2093 0044.
669 2043 700 2091 W
719 2041 888 2106 urbiensem,
909 2041 1058 2111 quibuscum
1077 2042 1234 2096 concordent

141 2131 197 2184 edd.
217 2132 318 2184 Amerb.
339 2139 491 2199 ceteraeque
510 2138 569 2181 ente
588 2130 725 2181 Meurinem
744 2146 846 2193 omnes3
873 2134 917 2200 qui
935 2135 1015 2186 viores
1033 2148 1063 2185 oo
1082 2159 1113 2170 -·
1135 2159 1181 2194 —‚
1206 2141 1236 2184 ut

140 2225 228 2276 oeuiot
246 2220 323 2271 hebet
342 2219 470 2286 exemplar
489 2217 560 2282 Coi.;
588 2221 632 2288 qui
654 2222 734 2274 siout
757 2236 786 2272 ee
807 2247 838 2258 -
859 2247 907 2283 -,
934 2229 964 2272 ut
986 2223 1078 2274 certios
1105 2223 1186 2270 exstet
1210 2217 1234 2268 in

141 2309 207 2360 4104.
227 2307 304 2360 bisur.
324 2316 401 2376 etque
420 2305 483 2358 Gilb.
789 2311 790 2314 ’

247 2412 273 2466 P.
294 2414 352 2466 152.

183 2492 186 2496 ’
212 2503 235 2552 1.
257 2500 295 2552 Ad
313 2506 414 2570 fratres
433 2499 518 2552 044444
537 2519 604 2555 ecoe
622 2517 654 2551 ex
673 2501 748 2552 0044.
767 2501 807 2551 W.
827 2501 940 2553 4400000.
961 2509 986 2554 04
1004 2499 1049 2553 Bb.
1088 2498 1236 2570 congruunt

142 2590 199 2642 edd.
221 2589 322 2644 Amerb.
343 2589 440 2642 Erusm.
458 2587 525 2640 Cost.
538 2587 629 2641 Pistor.
644 2589 715 2664 Rom.
747 2589 807 2640 Vuc
825 2593 979 2659 primitivus
999 2605 1055 2640 cum
1074 2589 1235 2656 praeceden-

142 2677 207 2729 tibus
226 2681 380 2746 cuniungunt
398 2677 501 2754 bmerb.
522 2685 547 2728 et
565 2675 678 2742 Erasm,
702 2675 858 2728 cotanen
878 2686 953 2745 utque
973 2674 1041 2728 Cost.
1061 2686 1118 2744 post
1136 2681 1234 2746 primi-

142 2769 215 2819 tivus
235 2770 306 2819 tauri
324 2765 489 2834 distinguunt.
526 2763 622 2815 Desunt
645 2765 854 2832 interpunctionis
873 2773 948 2816 uotae
968 2765 993 2815 in
1012 2765 1077 2816 Med.
1116 2762 1236 2817 Ceterum

141 2856 272 2921 primitivi
297 2853 414 2904 scribitur
439 2855 464 2902 in
483 2850 541 2902 Med
567 2860 592 2902 et
617 2855 706 2918 cipro
725 2855 826 2906 storin
846 2851 893 2903 Bb.
940 2853 964 2904 3.
984 2857 1124 2908 unicornio
1143 2853 1237 2904 hebent

142 2937 212 2990 Bebc
237 2947 263 2991 et
288 2939 324 2990 444
347 2958 368 2992 0.
394 2941 454 2991 044.
479 2939 533 2990 Coi.
557 2940 658 2991 Amerb.
679 2939 776 2992 Eresm.
796 2939 865 2992 Cost.
885 2939 974 2993 Pistor.
995 2941 1084 3006 Rom,
1111 2945 1237 2996 unicorni

144 3025 186 3076 det
205 3025 286 3090 4404,
313 3031 483 3082 ursioorm‘um
502 3027 551 3096 ttg.
590 3027 649 3079 Post
672 3033 812 3082 unicornis
836 3027 874 3080 Bb
899 3031 984 3082 scribit
1008 3035 1098 3100 ipsius
1124 3047 1235 3094 cornua,

143 3113 248 3165 voculas
271 3129 341 3182 seqq.
366 3117 394 3168 ier
418 3117 487 3183 iptio
511 3116 642 3178 omittens,
671 3114 706 3166 Be
725 3131 773 3166 unu
793 3132 849 3166 cum
868 3113 903 3167 Bc
922 3125 946 3168 et
965 3117 1006 3168 ed.
1029 3117 1082 3170 Coi.
1101 3123 1129 3172 iu
1148 3123 1237 3189 ipsius

143 3214 243 3256 corrruo
261 3213 351 3271 pentes
370 3204 510 3256 ventilabit.
542 3200 615 3268 Apud
628 3201 752 3254 Meurinos
771 3211 796 3254 et
809 3203 945 3255 Giibertum
963 3215 1020 3273 post
1036 3225 1136 3261 cernue
1148 3212 1237 3276 ipsius

142 3289 249 3358 legitur:
270 3291 408 3358 tuipsius
429 3306 513 3342 cornu
531 3299 620 3358 pentes
639 3295 783 3357 ventilabit,
804 3291 872 3359 quod
891 3293 924 3342 ed
943 3291 1039 3343 Graece
1058 3294 1135 3346 verbo
1154 3297 1235 3345 inter-

143 3385 243 3445 pretum
265 3375 327 3428 Lxx
351 3377 453 3427 minime
479 3376 592 3444 quadret.
630 3377 795 3430 scribendum
820 3381 904 3446 potius
929 3388 983 3431 eret
1010 3398 1065 3432 curn
1090 3382 1149 3432 edd.
1169 3381 1234 3432 4404.

144 3465 247 3517 Amerb.
275 3466 417 3532 ceterisque
442 3463 552 3515 biaurinu
581 3467 762 3533 antiquioribus
788 3470 816 3519 iu
843 3469 914 3536 ipsis
941 3479 1028 3537 peotes
1055 3480 1122 3524 vetet.
1166 3470 1236 3521 Heec

100 3549 112 3565 ⁸
143 3551 221 3604 lectio
240 3553 371 3604 codicibus
391 3551 421 3601 W
440 3561 466 3602 et
485 3551 597 3604 Monecc.
618 3555 722 3622 egregie
742 3555 901 3606 confirmetur
920 3555 1071 3627 Graecisque
1090 3557 1190 3610 verbis:
1211 3557 1237 3609 ἓν

145 3635 224 3696 αὐτοῖς
241 3641 301 3704 ἔθνη
319 3645 431 3707 reportet,
459 3642 554 3707 optime
574 3645 699 3692 convenit.
744 3641 768 3693 3.
791 3645 824 3696 oei
840 3653 988 3698 extremum
1005 3664 1077 3699 more
1097 3645 1138 3698 444.
1174 3647 1236 3698 Turn

144 3729 218 3780 mitio
243 3727 318 3779 0044.
344 3742 448 3794 omnes,
476 3730 536 3780 item
563 3729 620 3780 edd.
642 3729 695 3781 Col.
716 3729 817 3781 Amerb.
841 3729 938 3783 Eresru.
964 3742 991 3784 et
1015 3732 1083 3785 Cost.
1110 3751 1131 3786 0.
1152 3735 1236 3802 Rom,

145 3817 229 3866 mittio
247 3813 335 3866 Pistor.
356 3815 433 3866 Maur.
453 3824 528 3884 etque
548 3815 627 3881 Gilb.‚
653 3821 737 3869 milito
760 3819 845 3885 priore
869 3818 927 3870 4000
954 3823 1029 3872 etiem
1048 3822 1128 3887 404,
1153 3823 1236 3890 nitere

146 3906 227 3950 temen
246 3905 328 3953 mitte.
365 3902 429 3954 Dein
448 3907 563 3974 Effreim
581 3903 611 3953 W
632 3913 657 3955 et
678 3904 805 3971 Menace,
833 3907 980 3974 quibuscum
999 3914 1143 3979 conspirent
1161 3915 1236 3964 etism

146 3986 248 4039 Aruerb.
272 3983 367 4064 Eresm.
394 3987 461 4043 Cost.
488 4000 564 4060 etque
588 3991 691 4054 Piston,
718 3996 846 4061 Ephraim
870 3998 970 4063 scripsit
994 3997 1075 4050 editor
1100 3998 1236 4064 Romanus,

146 4077 238 4144 effrem
261 4073 356 4128 hebent
379 4075 416 4129 Bb
440 4087 466 4130 et
490 4079 547 4130 edd.
574 4075 627 4130 cot.
653 4087 728 4148 etque
753 4080 836 4148 4404,
863 4087 944 4151 efrem
964 4070 1031 4136 But.¹
1068 4085 1093 4137 4.
1111 4105 1237 4143 mosterot

146 4162 186 4215 04.
206 4161 272 4214 4104.

954 4330 1031 4418 ter
