2932 4700
415 355 461 410 ull
482 353 620 410 auricus
638 353 862 412 utitistttotttttt
880 357 977 412 LIBER
997 357 1017 410 l.
1218 357 1261 424 83

161 533 238 598 pore
257 515 498 599 commendatam,
521 523 553 581 ut
568 519 692 600 primum
717 518 853 600 opereris
876 519 955 582 circa
979 517 1158 581 domesticos
1182 516 1260 579 fidei.

162 628 290 696 Gmudis
313 629 416 712 culpa,
445 630 469 692 si
493 629 608 694 sciente
632 637 662 692 te
689 629 787 693 fidelis
818 635 924 712 egeat;
956 630 982 692 si
1005 630 1082 691 scias
1105 646 1174 690 eum
1196 627 1263 690 siue

162 751 281 826 sumptu
310 761 396 824 esse,
430 744 508 806 lama
541 743 696 822 laborare,
731 761 900 806 aerumnam
930 743 1063 825 perpeti,
1094 743 1145 822 qui
1168 759 1262 822 prae·-

162 859 265 922 sertim
288 876 382 941 egere
404 859 579 935 erubescat3
603 860 628 921 si
652 860 681 921 in
706 875 824 922 causam
848 858 990 922 ceciderit
1013 864 1064 920 aut
1086 855 1263 938 captivitatis

162 987 286 1034 suorum
317 977 368 1034 aut
398 969 580 1050 calumniae,
613 977 643 1032 et
666 989 725 1034 non
753 971 877 1034 adiuves
884 994 893 1048 ;
927 972 953 1033 si
970 972 1013 1033 'sit
1034 973 1064 1032 in
1087 987 1210 1032 carcere
1234 975 1264 1031 et

162 1085 271 1165 poeuis
287 1090 318 1146 et
338 1084 490 1166 suppliciis
512 1090 636 1167 propter
659 1085 789 1148 debitum
813 1083 933 1165 aliquod
955 1085 1051 1150 iustus
1073 1087 1264 1148 excrucietur

163 1195 252 1281 (nam
265 1199 322 1262 etsi
332 1198 469 1263 omuibus
485 1197 611 1261 debetur
627 1197 842 1278 misericordia,
859 1205 956 1261 tamen
967 1199 1045 1261 iusto
1056 1195 1198 1279 amplius)
1207 1218 1216 1273 ;
1237 1199 1264 1261 si

163 1318 299 1400 tempore
322 1310 500 1377 adflictionis
516 1329 590 1374 suae
605 1311 676 1372 nihil
692 1329 708 1372 a
725 1317 754 1373 te
769 1313 917 1393 inpetret3
938 1312 964 1374 si
979 1319 1113 1392 tempore
1128 1311 1262 1392 pericrdi,

165 1441 225 1504 quo
247 1424 363 1503 rapitur
386 1421 423 1484 ad
445 1430 580 1502 mortem,
605 1423 669 1502 plus
693 1423 770 1506 apud
786 1429 816 1484 te
831 1423 958 1503 pecunia
976 1429 1025 1486 tua
1048 1425 1153 1502 valeat,
1178 1443 1264 1504 quam

164 1537 225 1600 vita
246 1536 390 1599 morituri.
436 1533 481 1596 De
504 1550 563 1614 quo
588 1533 712 1612 pulchre
735 1533 787 1596 lob
811 1534 899 1596 dixit:
918 1531 948 1615 ¹)
972 1532 1155 1596 Benedictio
1174 1537 1263 1614 peri-

163 1652 227 1715 turi
249 1651 283 1712 ia
305 1670 353 1712 me
373 1648 488 1710 ceaict.

254 1760 324 1826 149.
369 1763 567 1824 Personarum
599 1761 716 1842 quidem
749 1762 822 1825 deus
855 1767 996 1842 acceptor
1018 1779 1079 1823 nou
1102 1768 1165 1840 est,
1196 1763 1265 1843 quia

164 1875 248 1938 novit
274 1876 381 1937 omnis.
424 1871 489 1935 Nos
522 1880 621 1935 autem
654 1874 789 1936 omnibus
820 1872 938 1953 quidem
969 1871 1113 1937 debemus
1144 1875 1265 1938 miseri-

165 1987 316 2063 cordiam;
339 1986 408 2066 sed,
432 1986 501 2068 quia
524 1987 660 2070 plerique
684 1987 790 2050 fraude
814 2005 878 2050 eam
902 1996 1050 2068 quaeruut
1066 1995 1095 2051 et
1111 1988 1266 2072 adfingunt

166 2116 353 2178 aerumnam,
383 2095 469 2176 ideo,
507 2097 556 2159 ubi
578 2115 669 2160 causa
692 2099 912 2178 manifestatur,
943 2118 1075 2180 persona
1099 2103 1265 2182 cognosci·

166 2219 232 2290 tur,
255 2217 371 2293 tempus
394 2214 520 2291 urguet,
544 2209 657 2292 largius
678 2227 713 2271 se
734 2209 823 2274 debet
846 2211 1028 2292 profundere
1051 2212 1264 2302 misericordia.

165 2324 235 2387 Nou
257 2325 336 2388 enim
358 2338 467 2386 avarus
492 2321 628 2385 domiuus
653 2328 715 2401 est,
745 2329 777 2384 ut
800 2323 955 2403 plurimum
978 2330 1109 2404 quaerat.
1155 2326 1264 2392 Beatus

167 2436 301 2518 quidem,
326 2437 379 2516 qui
401 2435 515 2498 dimittit
538 2436 635 2498 omnia
652 2443 681 2497 et
697 2438 831 2516 sequitur
853 2455 935 2514 eum;
959 2437 1012 2501 sed
1036 2446 1066 2501 et
1088 2439 1138 2501 ille
1159 2440 1264 2503 beatus

167 2557 230 2629 est,
261 2550 325 2630 qui,
356 2548 436 2628 quod
466 2549 573 2628 babet,
605 2568 644 2610 ex
672 2549 781 2612 allecta
812 2549 889 2613 iacit.
936 2552 1072 2632 Denique
1102 2552 1162 2616 duo
1193 2571 1265 2616 aera

166 2661 275 2725 viduae
297 2662 375 2724 illius
406 2661 526 2724 divitum
556 2663 730 2725 muneribus
761 2663 913 2744 praetulit,
931 2661 963 2746 ²)
997 2667 1065 2743 quia
1089 2671 1181 2728 totum
1204 2665 1264 2743 illa,

167 2777 248 2857 quod
270 2776 389 2854 hebuit,
421 2775 559 2853 contulit,
591 2776 632 2838 illi
662 2783 760 2839 autem
784 2776 1023 2840 exabundantia
1052 2785 1165 2860 partem
1195 2778 1264 2840 exi-

166 2907 256 2973 guam
290 2888 487 2952 contuderunt
540 2887 673 2952 Allectus
708 2891 798 2971 igitur
832 2889 952 2952 divitem
983 2890 1180 2954 conlationem
1215 2897 1265 2952 aut

166 3021 330 3086 pauperem
360 3002 431 3066 facit
463 3006 494 3063 et
515 3003 640 3083 pretium
670 3004 760 3066 rebus
791 3004 913 3084 inponit.
959 3003 1099 3066 Ceterum
1128 3003 1264 3067 domiuus

167 3135 228 3180 non
265 3117 328 3181 vult
356 3116 452 3190 simulx
475 3114 585 3178 effundi
615 3134 706 3197 opes,
738 3116 792 3179 sed
823 3115 1003 3199 dispensari,
1039 3117 1095 3180 nisi
1125 3116 1204 3180 iorte
1234 3121 1266 3178 ut

167 3227 323 3292 Helisaeus
340 3224 372 3310 3)
408 3227 516 3290 boves·
538 3244 609 3289 suos
643 3227 752 3291 occidit
784 3235 814 3289 et
847 3229 928 3309 pavit
961 3245 1110 3309 pauperes
1142 3248 1183 3290 ex
1215 3245 1264 3308 ec,

168 3339 250 3421 quod
271 3339 391 3419 babuit,
422 3345 454 3402 ut
476 3338 556 3402 nulla
585 3359 657 3404 cura
679 3347 834 3404 teneretur
862 3341 1042 3419 domestica,
1074 3339 1129 3403 sed
1150 3339 1264 3402 relictis

169 3453 305 3518 omuibus
329 3455 360 3518 in
383 3453 565 3534 disciplinam
587 3472 622 3518 se
644 3455 848 3536 propheticam
874 3453 967 3516 daret.
1222 3447 1227 3454 ’

257 3565 329 3632 too.
374 3565 428 3632 Est
458 3567 547 3630 etiam
577 3566 626 3632 illa
655 3566 809 3648 probanda
840 3565 1017 3643 liberalitas,
1048 3570 1080 3625 ut
1109 3564 1263 3645 proximos

167 3681 290 3746 seminis
321 3683 364 3744 tui
394 3699 457 3744 nou
489 3680 652 3760 despicias,
685 3684 710 3743 si
741 3699 835 3762 egere
866 3693 1043 3761 cognoscas,
1088 3675 1194 3739 Melius
1218 3683 1265 3739 est

167 3795 262 3875 euim,
285 3801 318 3858 ut
339 3796 405 3875 ipse
426 3794 587 3858 subvenias
609 3797 682 3874 tuis,
714 3796 819 3876 quibus
843 3793 940 3874 pudor
962 3797 1009 3856 est
1031 3789 1066 3851 ab
1089 3791 1155 3853 aliis
1178 3807 1262 3852 sum-

165 3909 247 3986 ptum
282 3904 465 3991 deposcere,
497 3910 547 3968 aut
579 3905 667 3968 alicui
700 3905 853 3987 postulare
887 3903 1048 3968 subsidium
1081 3904 1263 3984 necessitati,

229 4142 266 4210 ι)
283 4141 339 4201 tos.
354 4143 401 4212 ao,
421 4103 467 4198 ιε.Ι
533 4145 562 4210 a)
580 4145 639 4198 tue.
659 4146 703 4212 ar,
722 4146 747 4198 a.
819 4145 847 4212 a)
866 4145 891 4200 a.
909 4145 973 4216 aeg.
993 4145 1036 4213 ro,
1052 4145 1089 4198 ac
1106 4159 1160 4214 seq.

1001 4239 1054 4309 δι’
