2976 4706
387 380 430 432 DE
452 379 586 433 cantens
607 377 827 432 lttntstltottttlt
848 379 942 432 tlssalt
962 379 1002 432 lll.
1158 383 1234 446 -201

122 543 255 629 lorum,
276 542 353 606 sicut
376 559 446 604 reus
469 540 582 604 fraudis
605 541 740 604 interiit?
785 540 880 603 Licuit
901 541 1003 621 ulique
1025 538 1068 600 illi
1091 538 1162 601 nihil
1185 539 1236 602 cl-

142 655 225 734 lere,
259 660 289 717 et
321 656 379 718 boc
411 655 477 716 sine
513 654 616 717 fraude
649 654 780 716 lecisset.
827 652 886 717 Sed
920 653 989 734 qaia
1018 649 1150 714 fraudem
1181 649 1238 713 ad-

141 770 276 846 miscuit,
314 785 375 830 non
412 765 594 828 liberalitatis
632 768 755 848 gratiam
793 767 974 847 reportavit,
1013 763 1067 826 sed
1106 762 1239 825 fallaciae

142 901 270 964 poenam
293 879 431 943 exsolvit.

230 992 280 1058 75.
324 993 362 1056 Et
384 992 520 1056 dominus
543 991 573 1054 in
596 991 754 1074 evangelio
786 1010 852 1054 cum
887 991 957 1054 dolo
980 989 1161 1053 accedentes
1183 1007 1238 1052 re-

142 1105 281 1188 pudiabat
305 1105 424 1167 dicens:
446 1101 473 1188 ¹]
500 1105 613 1182 Vulpes
632 1103 746 1184 saccas
768 1105 902 1181 babent,
926 1105 1064 1186 quoniam
1078 1105 1108 1164 in
1123 1102 1240 1184 simpli-

143 1220 231 1281 citate
261 1219 360 1282 cordis
383 1227 413 1281 et
435 1219 605 1280 innocentia
638 1236 693 1282 nos
724 1219 805 1281 iubet
834 1218 947 1280 vivere.
993 1216 1088 1279 David
1119 1235 1239 1298 quoque

142 1327 242 1412 ait:'²)
266 1328 353 1390 Sicut
375 1330 531 1392 nouacula
549 1337 643 1392 acuta
663 1328 770 1406 fecisti
793 1329 910 1406 dolam,
935 1331 1084 1411 nequitiae
1107 1347 1239 1412 arguens

142 1442 343 1522 proditorem,
366 1461 404 1506 co
429 1442 508 1522 quod
532 1444 759 1506 instrumentum
781 1443 950 1506 huiusmodi
973 1444 1011 1506 ad
1033 1445 1158 1508 bominis
1182 1443 1239 1507 ad·-

142 1555 259 1618 bibetur
291 1565 425 1618 ornatum
448 1562 478 1618 et
499 1557 674 1637 plerumque
704 1557 827 1620 ulcerat.
872 1558 996 1638 Siquis
1027 1559 1117 1642 igitar
1146 1575 1240 1638 prae·
1301 1642 1303 1646 Ι

142 1667 243 1731 tendat
264 1670 389 1752 gratiam
412 1675 442 1732 et
463 1669 564 1732 dolum
593 1677 692 1732 nectat
713 1670 817 1734 Doech
850 1670 1010 1751 proditoris
1027 1669 1059 1754 ³)
1090 1670 1239 1752 exemplo,

143 1789 174 1846 ut
196 1802 281 1862 eum,
310 1802 398 1864 quem
419 1791 582 1866 protegere
605 1783 730 1864 debeat,
761 1786 868 1866 prodat
890 1785 927 1847 ad
951 1793 1095 1866 mortem,
1124 1786 1238 1852 instru-

142 1897 233 1958 menti
263 1897 348 1959 istius
377 1898 590 1978 conparatione
624 1906 784 1977 censetur,
819 1897 900 1979 quod
936 1899 1038 1961 ebriae
1071 1902 1177 1963 meniis
1210 1906 1241 1963 et

143 2010 294 2072 titubantis
317 2011 389 2074 vitio
413 2029 516 2074 uranus
543 2011 702 2073 vulnerare
730 2013 902 2090 consuevit,
934 2013 1012 2074 sicut
1034 2014 1090 2076 iste
1112 2014 1240 2077 malitiae

143 2125 243 2184 ebrius
261 2124 331 2186 vino
347 2142 401 2204 per
417 2123 554 2186 funestae
577 2099 751 2204 proditionis
774 2123 913 2186 indicium
937 2124 1110 2190 Abimelecb
1132 2145 1239 2190 sacer-

143 2236 204 2298 doti
219 2255 324 2298 necem
348 2236 459 2314 detulit,
474 2233 507 2318 ⁴)
532 2253 569 2298 eo
593 2237 672 2316 quod
695 2236 870 2318 prophetam
894 2237 1021 2318 bospitio
1045 2240 1239 2320 suscepisset,

143 2367 231 2430 quem
254 2367 310 2410 rex
333 2349 461 2412 invidiae
484 2366 628 2411 accensus
651 2349 775 2412 stimulis
798 2350 1043 2430 persequebatur.

548 2555 722 2622 CAPUT
758 2555 834 2620 XII.

141 2677 207 2730 Nihil
227 2681 434 2747 promittendum,
455 2679 522 2747 quod
541 2681 575 2730 sit
592 2679 762 2744 inhonestum,
783 2695 832 2730 nec
849 2681 871 2730 si
889 2679 948 2747 qaid
967 2680 1086 2731 iniustum
1104 2680 1238 2747 iuraverit,

142 2766 168 2817 id
186 2766 388 2830 observandum3
407 2767 433 2817 in
453 2783 503 2834 quo
521 2783 643 2834 peccasse
662 2766 778 2818 Herodes
798 2766 992 2818 demonstratur.
1023 2763 1146 2832 Culpatur
1163 2767 1239 2818 etiam

141 2861 228 2904 votum
246 2868 262 2903 a
281 2851 386 2920 lephtbe
405 2863 575 2922 nuncupatum
594 2856 706 2923 itemque
725 2854 774 2905 alia
793 2857 892 2919 omnia,
912 2870 976 2922 quae
994 2854 1042 2906 sibi
1059 2853 1157 2906 exsolvi
1176 2854 1240 2908 dens

141 2939 214 2992 nolit.
250 2939 366 3008 Denique
384 2943 433 2993 lilia
452 2942 566 2994 eiusdem
586 2942 691 3010 lepbtbe
711 2959 765 2994 cum
786 2941 886 2994 duobus
902 2940 1069 3010 Pythagoreis
1090 2943 1240 3010 conponitur

552 3032 632 3098 iisque
652 3031 825 3098 praeponitur.

228 3151 279 3216 76.
323 3154 430 3216 Pururn
452 3154 542 3236 igitur
565 3172 600 3216 ac
622 3154 771 3216 sincerum
796 3162 914 3236 oportet
938 3173 1007 3218 esse
1029 3153 1183 3232 allectum,
1206 3159 1238 3216 ut

142 3267 348 3347 unusquisque
370 3265 532 3346 simplicem
556 3285 723 3328 sermonem
745 3268 896 3348 proterat,
928 3285 980 3329 vas
1004 3267 1141 3330 suumin
1164 3284 1238 3328 san-

142 3379 319 3444 ctificatione
341 3379 510 3460 possideat,
542 3399 598 3444 nec
621 3381 743 3443 fratrem
773 3381 1045 3462 circumscriptione
1077 3381 1237 3442 verborum

141 3493 276 3571 inducat,
308 3492 378 3556 nihil
401 3496 550 3574 promittat
573 3495 777 3571 inhonestum;
809 3515 843 3558 ac
865 3495 891 3557 si
913 3495 1098 3576 promiserit,
1122 3493 1237 3556 tolera-

140 3607 228 3670 bilius
247 3614 293 3670 est
309 3609 488 3690 promissum
511 3625 571 3669 non
597 3608 708 3688 lacere,
731 3628 819 3689 quam
841 3605 953 3684 lacere,
977 3604 1056 3686 quod
1080 3611 1166 3687 turpe
1188 3606 1235 3669 sit.

230 3721 281 3782 ii.
326 3721 422 3802 Saepe
454 3721 589 3802 plerique
623 3723 831 3804 constringunt
853 3740 887 3784 se
909 3721 992 3804 ipsos
1017 3720 1089 3785 iuris
1119 3717 1236 3782 iurandi

142 3840 337 3911 sacramento,
360 3840 474 3896 etcum
493 3835 550 3916 ipsi
569 3837 778 3919 cognoverint,
800 3835 1028 3918 promittendum
1050 3851 1110 3896 non
1131 3832 1235 3913 luisse,

143 3991 346 4004 ——-—.....

187 4185 200 4238 1
203 4095 242 4239 81)
260 4097 346 4156 narra.
364 4101 390 4169 a,
409 4105 452 4158 ao.
504 4106 750 4174 acarnani.
804 4107 832 4174 a)
853 4106 876 4161 1.
894 4107 958 4178 aeg.
978 4105 1021 4174 aa,
1040 4107 1064 4160 a.
1121 4105 1150 4172 a)
1170 4105 1233 4159 naa

141 4203 166 4242 v.
222 4225 229 4240 ,
395 4229 397 4234 .
