2932 4700
4 457 9 572 l

394 289 440 344 DE
460 288 597 346 otricus
617 289 843 347 mttstttotttttt
862 291 959 348 bfflElf
976 294 996 350 l.
1192 291 1243 364 '¹11

234 446 305 514 114.
351 449 447 514 David
464 448 493 536 ¹]
517 453 604 518 ebant
627 453 713 518 fortis
736 453 766 516 in
789 453 888 534 bello,
911 456 1027 538 patiens
1048 456 1078 518 in
1099 457 1246 540 adversis,

142 565 174 626 in
202 563 390 629 Hierusalem
422 567 583 648 pacificus,
617 568 647 630 in
677 568 802 632 victoria
837 575 1024 650 mansuetus,
1057 570 1087 633 io
1120 579 1246 652 peccato

143 678 266 758 dolens,
290 677 319 740 in
339 685 496 743 senectute
518 680 679 762 providus,
703 699 803 744 rerum
827 680 949 761 modos,
973 681 1056 745 vices
1080 687 1246 764 temporum

141 809 199 874 per
220 792 403 875 singularum
425 811 518 857 sonos
542 796 675 858 servavit
703 801 849 877 aetatum,
883 802 914 857 ut
935 795 1005 858 mihi
1028 794 1162 858 videatur
1183 813 1245 860 non

141 905 240 968 minus
264 905 384 968 vivendi
405 925 538 990 genere,
576 925 664 990 quam
687 907 812 972 canendi
835 911 982 973 suavitate
1004 908 1173 990 praedulcis
1195 909 1245 973 in-

142 1017 296 1082 mortalem
320 1019 378 1082 deo
400 1022 447 1084 sui
473 1020 588 1085 fudisse
611 1023 708 1085 meriti
732 1022 915 1085 cantilenam.

233 1129 303 1197 115.
349 1133 436 1208 Quod
460 1134 506 1198 bis
532 1136 604 1199 viris
628 1137 834 1217 principalium
861 1135 1001 1199 virtutum
1033 1133 1163 1198 officium
1186 1134 1244 1199 de-

142 1245 221 1309 fuit?
266 1247 397 1320 Quarum
424 1248 520 1329 primo
542 1249 611 1311 loco
638 1251 855 1312 constituerunt
882 1247 1084 1329 prudentiam,
1115 1248 1245 1329 quaein

142 1360 211 1422 veri
235 1359 464 1442 investigatione
492 1368 632 1426 versatur
654 1368 685 1424 et
706 1361 849 1425 scientiae
871 1361 1014 1443 plenioris
1038 1360 1165 1424 infundit
1187 1379 1245 1425 cu-

142 1472 311 1555 piditatem3
334 1474 469 1537 secundo
492 1475 641 1554 iustitiam,
664 1493 742 1556 quae
759 1493 844 1538 suum
860 1459 968 1555 cuique
983 1474 1093 1555 tribuit,
1117 1475 1244 1538 alienum

141 1604 205 1650 non
220 1585 360 1666 vindicat,
383 1587 535 1652 utilitatem
550 1589 701 1670 propriam
717 1589 861 1672 neglegit,
883 1595 915 1651 ut
931 1605 1116 1652 communem
1133 1589 1243 1671 aequi·

142 1706 233 1763 tatem
255 1700 421 1780 custodiat;
450 1703 539 1766 tertio
564 1701 781 1782 fortitudinem,
806 1719 883 1783 quae
906 1709 936 1765 et
958 1702 989 1766 in
1011 1702 1102 1765 rebus
1127 1701 1242 1765 bellicis

143 1815 257 1879 excelsi
280 1815 368 1876 animi
391 1814 593 1899 magnitudine
611 1822 641 1879 et
661 1816 739 1879 domi
758 1817 868 1878 eminet
891 1816 1089 1898 corporisque
1111 1821 1244 1897 praestat

142 1928 256 1991 viribus
263 1948 273 2005 3
296 1935 401 2009 quarto
424 1929 657 2009 temperantiam,
680 1946 759 2010 quae
780 1928 900 1992 modum
925 1928 1119 2009 ordinemque
1142 1933 1243 1992 servat

144 2041 291 2122 omnium,
316 2059 392 2122 quac
415 2041 463 2104 vel
486 2041 604 2126 agenda
627 2043 676 2104 vel
701 2041 826 2104 dicenda
849 2042 1032 2105 arbitramur.

534 2310 707 2378 CAPUT
740 2309 851 2376 XXV.

142 2475 266 2546 Exposita
285 2493 331 2530 cur
349 2476 451 2529 ductum
469 2492 520 2528 non
538 2477 615 2530 fuerit
630 2495 645 2530 a
660 2477 807 2529 memoratis
824 2475 957 2529 virtutibus
975 2473 1119 2540 exordium,
1139 2470 1242 2526 easdem

298 2565 324 2616 in
342 2565 470 2617 veteribus
491 2567 603 2632 patribus
622 2566 745 2617 exstitisse
765 2565 876 2632 pressius
894 2564 1086 2614 demonstratur.

232 2721 303 2789 116.
348 2725 430 2789 Haec
456 2726 582 2790 forsitan
612 2726 717 2807 aliquis
742 2725 819 2788 dicat
841 2724 937 2805 primo
960 2722 1028 2786 loco
1051 2723 1123 2804 poni
1146 2737 1243 2804 opor-

141 2839 245 2918 tuisse,
270 2841 408 2920 quoniam
425 2841 461 2903 ab
482 2841 528 2904 bis
548 2847 689 2922 quattuor
710 2840 868 2903 virtutibus
891 2843 1054 2901 nascuntur
1076 2835 1244 2900 officiorum

142 2952 269 3036 genera.
314 2952 375 3018 Sed
397 2953 456 3017 hoo
479 2956 550 3017 artis
574 2961 635 3035 est,
659 2963 691 3018 ut
713 2956 808 3037 primo
833 2951 962 3016 officium
987 2951 1160 3031 definiatur,
1181 2969 1240 3033 po-

142 3074 208 3131 stea
240 3073 321 3130 corta
351 3069 382 3130 in
413 3086 527 3152 genera
559 3070 712 3134 dividatur.
758 3068 822 3132 Nos
845 3074 941 3130 numm
977 3072 1070 3130 artem
1103 3064 1243 3150 fugimus,

142 3181 280 3262 exempla
311 3182 456 3246 maiorum
486 3185 697 3264 proponimus,
730 3201 807 3264 quae
830 3199 929 3262 neque
952 3181 1163 3262 obscuritatem
1185 3178 1243 3241 ad-

143 3296 243 3360 ferunt
266 3296 303 3358 ad
327 3297 580 3382 intellegendum,
611 3317 710 3383 neque
733 3298 771 3360 ad
793 3296 977 3360 tractandum
1000 3293 1155 3357 versutias.
1200 3291 1243 3357 Sit

140 3410 232 3492 igitur
253 3410 340 3473 nobis
362 3411 420 3473 vita
444 3410 588 3472 maiorum
612 3409 785 3491 disciplinae
808 3408 972 3491 speculum,
994 3423 1055 3469 non
1078 3402 1241 3467 calliditatis

112 3557 116 3563 ·
142 3525 402 3606 commentarium,
426 3523 557 3588 imitandi
580 3526 768 3604 reverentia,
790 3542 851 3587 non
874 3519 1043 3603 disputandi
1065 3517 1178 3582 astutia.
1242 3579 1243 3584 ,

231 3636 302 3702 117.
348 3637 414 3701 Fuit
444 3636 536 3719 igitur
565 3636 595 3698 in
626 3642 729 3700 sancto
761 3634 909 3698 Abraham
941 3634 1037 3716 primo
1065 3633 1134 3696 loco
1164 3649 1240 3714 pru·

142 3750 259 3832 dantia,
291 3750 329 3815 dc
353 3769 413 3832 quo
441 3750 510 3813 dicit
540 3750 703 3831 scriptura:
720 3746 753 3832 ²)
785 3748 928 3810 Credidit
948 3747 1107 3810 Abrabam
1130 3746 1189 3810 deo
1213 3755 1244 3808 et

140 3872 316 3944 reputatum
345 3873 392 3927 est
421 3863 469 3925 illi
492 3865 536 3926 ad
565 3864 726 3926 iustitium.
772 3863 867 3926 Nemo
898 3863 979 3926 enim
1006 3861 1158 3944 prudens,
1191 3862 1242 3946 qui

211 4102 239 4170 1)
260 4103 283 4156 t.
302 4103 365 4174 ltep.
387 4105 428 4174 tt,
447 4104 464 4159 8
481 4122 535 4177 seq.
608 4105 638 4175 2)
657 4077 748 4162 Ganos.
771 4105 813 4176 15,
833 4104 858 4162 6.
