2932 4700
211 339 249 403 pv
584 413 587 419 ι
660 329 858 388 enarrarre.

212 511 363 578 tractanda
391 511 600 594 versandoque
629 510 770 594 negotia:
804 508 935 590 denique
965 510 1074 573 nullum
1103 513 1181 586 vilae
1212 533 1308 598 genus

212 640 353 702 intactum
383 635 540 717 relinquit,
575 634 661 704 Tullii
692 633 828 716 vestigiis
857 635 983 717 egregie
1014 634 1163 698 insistens.
1208 636 1240 698 ln
1264 637 1309 700 his

213 772 310 828 antem
335 759 473 825 omnihus
496 757 648 822 tradendis
672 756 939 838 adornandisque,
969 759 1062 821 sacris
1086 757 1236 821 dumtaxat
1259 758 1309 821 ille

213 889 294 950 veris
317 891 346 948 et
369 885 493 966 cognitu
514 881 696 945 necessariis
721 882 812 943 utitur
835 880 1011 962 exemplis.“

299 1009 363 1071 lloc
397 1007 514 1069 unicum
550 1004 665 1067 ethicae
700 1002 884 1067 Christianae
919 1003 1123 1085 enchiridion,
1157 1005 1237 1088 quod
1271 1026 1310 1070 ax

213 1131 425 1214 antiquissimis
448 1129 631 1210 temporibus
656 1125 692 1191 ad
716 1145 773 1191 nos
795 1127 932 1208 pervenit
955 1134 1066 1209 quanto
1090 1128 1128 1191 sit
1147 1130 1177 1190 in
1193 1129 1310 1192 honore

213 1255 341 1320 habiturn
379 1252 477 1315 medio
514 1269 612 1330 aevo,
656 1251 727 1314 satis
765 1255 913 1314 testantur
954 1249 1040 1313 huius
1082 1246 1148 1312 libri
1189 1253 1310 1316 codices
1425 1299 1429 1305 .

213 1396 301 1440 manu
324 1375 443 1457 scripti,
476 1375 526 1456 qui
556 1373 586 1434 in
610 1372 700 1434 variis
723 1370 911 1434 bibliothecis
934 1369 1086 1452 hodieque
1109 1382 1309 1439 asservantur.

212 1500 314 1580 ltaque
338 1497 445 1560 iactum
469 1502 533 1573 ast,
555 1499 588 1555 ut
611 1493 698 1554 etiam
721 1498 789 1574 post
811 1491 960 1556 inventam
984 1495 1209 1576 typographiam
1232 1498 1310 1560 idem

214 1639 289 1706 opus
320 1618 447 1684 saeculis
470 1616 534 1680 XV.
555 1613 630 1676 xvi.
658 1619 688 1678 at
711 1612 800 1678 lel.
829 1615 949 1696 saepius
980 1617 1108 1680 seorsim
1139 1619 1219 1700 typis
1251 1637 1311 1682 ex-

213 1745 405 1808 scriberetur.
451 1737 583 1802 Tandem
613 1743 681 1819 post
710 1736 834 1818 longum
857 1738 999 1818 temporis
1022 1738 1209 1802 intervallum
1232 1759 1310 1806 anuo

216 1863 299 1930 1839
322 1859 441 1947 Lipsiae
463 1880 572 1926 novam
596 1859 756 1923 editionem
780 1861 894 1940 paravit
918 1859 951 1922 lt.
976 1858 1011 1922 0.
1035 1859 1194 1926 Gilhertus.
1385 1831 1387 1836 ι

302 1987 359 2064 Qui
391 2004 457 2067 curn
488 1986 517 2049 in
540 1984 622 2047 libris
645 2001 733 2046 manu
757 1983 906 2062 exaratis,
938 2001 1015 2063 quos
1038 1985 1185 2067 inspexit,
1215 1987 1311 2052 altero

215 2110 390 2189 Dresdensi,
414 2109 510 2172 allero
534 2106 690 2186 Gothano,
716 2113 845 2187 utroque
867 2106 1045 2171 recentioris
1068 2109 1173 2172 aetatis
1195 2127 1231 2174 ac
1254 2110 1319 2199 da-⁸

215 2234 336 2298 terioris
359 2237 459 2312 notae,
483 2231 520 2294 ad
540 2237 652 2295 textum
669 2230 884 2294 emendandum
900 2249 1004 2312 parurn
1021 2230 1187 2297 invenisset
1200 2233 1312 2314 auxilii,

216 2357 417 2420 llaurinorum
440 2357 652 2419 recensionem
675 2355 800 2418 inaximo
825 2373 864 2418 ax
886 2360 972 2436 parte
991 2355 1176 2424 retinendam
1191 2359 1313 2439 putavit.

177 2507 181 2512 ·
303 2477 363 2542 Sed
393 2477 450 2539 tale
482 2478 594 2559 ingenii
625 2483 858 2550 monumentum,
876 2478 985 2542 tamdiu
1015 2480 1045 2542 in
1074 2479 1261 2544 librariorum
1284 2487 1314 2544 et

216 2601 462 2683 interpolatorum
485 2599 625 2664 sordibus
649 2601 749 2662 iacere
773 2618 839 2663 aum
861 2601 987 2663 moleste
1011 2600 1160 2681 tulissem,
1192 2619 1318 2684 operam,

216 2725 296 2801 dedi,
313 2729 344 2786 ut
360 2731 502 2805 apparatu
518 2723 622 2786 critico
639 2723 808 2803 conquisito
825 2722 980 2803 scriptoris
996 2727 1108 2786 textum
1125 2723 1161 2786 ad
1178 2725 1313 2788 codicum

217 2846 373 2927 hucusque
402 2845 533 2910 nondum
565 2845 739 2908 collatorum
771 2845 1007 2926 optimorumque
1038 2845 1199 2910 editionum
1225 2845 1313 2910 iidem

116 2975 125 3004 t
217 2967 318 3032 denuo
350 2984 604 3048 recognoscerem
639 2975 669 3030 et
704 2967 936 3032 emendatiorem
973 2976 1063 3050 atqua
1098 2968 1314 3034 accuratiorem

217 3091 439 3153 constituerem.

303 3213 458 3294 Exponam
481 3230 560 3277 nunc
583 3213 621 3277 de
644 3213 784 3278 subsidiis
808 3214 927 3294 criticis,
950 3216 1058 3297 quihus
1081 3232 1154 3280 usus
1171 3233 1251 3294 sum.

507 3611 636 3701 dodican
659 3628 700 3698 ad
722 3627 889 3698 Paulinum
912 3628 1032 3700 collati.

219 3825 245 3890 Α
270 3851 309 3884 =
333 3824 395 3888 Lat.
418 3823 534 3887 Monac.
561 3821 677 3903 12104,
701 3823 770 3886 olim
794 3815 956 3888 Priillensis
979 3825 1031 3889 Νι.
1054 3821 1093 3904 4.,
1117 3826 1314 3890 membranae.

328 3946 412 4011 Sacc.
437 3945 471 4008 X.
496 3946 545 4008 vel
568 3945 626 4024 xl,
651 3945 746 4008 forma
772 3945 922 4027 quadrata,
948 3947 1026 4010 loliis
1044 3939 1122 4013 tofi.
1168 3949 1315 4013 Praemit-

328 4067 397 4132 titur
412 4067 604 4150 Smaragdos
620 4067 721 4132 hhhas
742 4068 779 4130 de
796 4067 922 4132 diversis
940 4071 1105 4147 virtutihus,
1143 4071 1315 4156 Sequuntur
