2976 4706
415 267 461 324 DE
480 267 616 324 culleus
636 266 859 326 ttttttsrnoutttt
876 268 973 326 trouu
991 270 1032 326 ut
1211 276 1273 348 183

186 430 339 508 uideatur,
364 445 449 511 quam
472 437 575 494 natura
594 431 731 494 suadere.
770 429 932 498 Servorum
948 439 1044 498 tamen
1060 435 1175 502 occulta
1191 435 1277 518 lurtu,

181 543 302 610 diuitum
325 545 446 625 rapinae
467 543 611 624 publicae.

268 655 319 721 23.
364 657 441 733 Ouid
463 665 561 722 autem
577 663 635 722 tam
655 666 759 723 contra
782 665 930 740 naturam,
953 678 1039 741 mem
1061 663 1176 726 uiolare
1197 663 1275 732 alte-

182 791 247 838 rum
265 772 307 835 tui
326 770 472 834 commodi
496 789 602 850 causa,
626 788 692 832 curm
715 789 770 852 pro
794 772 930 837 omnilms
954 773 1175 851 excubandum,
1198 777 1275 840 suli·

106 926 111 935 ,
182 885 295 950 eundas
317 885 485 964 molestias,
507 885 728 967 suscipiendum
745 885 878 950 laborem
900 885 1039 949 naturalis
1060 886 1183 952 allectus
1199 906 1275 970 per-

182 998 305 1062 suadeat
329 1004 357 1060 et
379 997 544 1081 gloriosum
574 998 735 1080 unicuique
765 998 906 1078 ducatur,
936 999 963 1062 si
986 999 1123 1080 periculis
1146 1002 1274 1084 propriis

182 1117 306 1194 quaerat
327 1112 534 1175 universorum
557 1113 795 1194 tranquillitatem
826 1112 1008 1195 multumque
1030 1113 1086 1176 sitii
1108 1115 1274 1195 unusquis-e

182 1244 241 1307 que
264 1227 422 1290 arbitretur
443 1226 574 1309 gratius,
607 1225 723 1290 excidia
745 1229 857 1308 patriae
879 1227 1063 1310 reppulisse,
1089 1246 1174 1309 puram
1197 1247 1273 1311 pro-

182 1340 244 1421 pria
260 1340 391 1422 pericula
409 1340 668 1421 praestantiusque
684 1358 753 1405 esse
768 1342 926 1420 existimat,
950 1342 1030 1423 quod
1055 1359 1174 1424 operam
1190 1361 1273 1409 suum

180 1455 293 1535 patriae
315 1453 500 1536 inpenderit,
530 1473 616 1536 quem
640 1455 717 1516 siin
741 1457 802 1518 otio
826 1456 939 1537 positus
970 1457 1153 1538 tranquillam
1186 1459 1272 1526 vitum

182 1568 361 1650 temptatum
385 1567 479 1649 copiis
502 1565 620 1634 iunctus
642 1567 782 1650 epissent

589 1765 767 1832 CAPUT
802 1763 862 1830 IV.

180 1899 228 1964 ttpt
255 1901 366 1952 strictius
390 1906 518 1952 ostensum
542 1906 582 1950 est
606 1914 681 1966 eum,
704 1899 746 1967 qui
772 1897 897 1950 commodi
915 1899 954 1950 sui
972 1912 1049 1950 cause
1072 1906 1165 1952 noceat
1187 1899 1269 1968 alteri,

181 2004 273 2058 graves
292 1989 466 2040 conscientiae
484 2003 547 2040 suae
565 2002 663 2056 poenes
682 1986 807 2051 luiturum,
831 1987 966 2054 colligitur,
985 1987 1027 2038 uni
1046 1985 1108 2038 utile
1126 1987 1186 2040 nihil
1206 2005 1272 2055 esse,

182 2075 251 2144 quod
281 2075 366 2128 itidem
391 2090 442 2126 non
466 2077 499 2126 sit
519 2076 652 2140 omnibus;
680 2083 755 2142 etque
779 2073 845 2126 adeo
869 2076 1015 2142 propositae
1033 2089 1049 2125 a
1067 2073 1222 2142 philosophis
1240 2076 1273 2126 de

180 2163 308 2231 naufragis
337 2161 434 2213 duobus
463 2165 604 2232 quaestioni
631 2163 713 2215 locum
739 2177 789 2214 uon
814 2176 872 2213 esse
892 2161 956 2228 apud
984 2161 1154 2227 Christianos,
1181 2161 1272 2230 quibus

376 2250 470 2318 ubique
490 2250 582 2300 caritas
600 2256 676 2316 utque
695 2247 821 2300 humilitas
839 2246 998 2300 exercendae
1017 2255 1080 2300 sunt.

267 2362 317 2432 24.
363 2366 437 2428 Hinc
457 2381 532 2445 ergo
551 2362 702 2446 colligitur
724 2362 803 2446 quod
826 2364 933 2443 homo,
957 2365 1006 2444 qui
1028 2362 1191 2426 secundum
1213 2381 1271 2426 na-

179 2489 264 2544 turae
294 2479 436 2543 formatus
466 2485 512 2541 est
543 2478 751 2556 directionem,
783 2484 815 2541 ut
844 2477 964 2541 obediat
990 2478 1037 2557 ei,
1069 2495 1180 2540 nocere
1210 2495 1271 2540 non

177 2595 274 2678 possit
296 2594 397 2670 alteri3
425 2591 552 2674 quodsi
575 2593 622 2654 cui
646 2597 771 2671 noceat,
796 2593 928 2656 naturam
951 2591 1059 2670 violet,
1082 2609 1179 2674 neque
1202 2598 1270 2656 ton-

178 2717 238 2772 tum
262 2727 332 2772 esse
354 2706 516 2786 commodi,
539 2705 619 2787 quod
638 2705 759 2788 adipisci
776 2723 847 2772 sese
868 2712 966 2788 putet,
989 2711 1127 2787 quantum
1152 2707 1270 2770 incom-

178 2822 278 2900 modi,
309 2823 389 2904 quod
413 2841 452 2885 ex
475 2840 513 2887 eo
536 2823 592 2885 sibi
621 2822 743 2886 accidat.
789 2823 873 2898 Quae
903 2822 979 2887 enim
1011 2840 1108 2904 poena
1137 2825 1269 2906 gravior,

179 2956 267 3017 quam
289 2938 440 3000 interioris
464 2939 570 3002 vulnus
593 2937 816 3000 conscientiae?
853 2936 941 3011 Quod
963 2937 1099 3000 severius
1122 2936 1270 3015 iudicium,

178 3070 265 3133 quum
288 3050 498 3129 domesticum,
522 3068 581 3132 quo
604 3050 806 3130 unusquisque
828 3049 884 3112 sibi
907 3055 954 3114 est
974 3067 1062 3128 reus,
1089 3067 1182 3129 seque
1205 3049 1270 3130 ipsa

179 3165 292 3248 arguit,
326 3163 405 3244 quod
428 3164 563 3227 iniuriam
586 3163 669 3227 tratri
691 3162 812 3245 indigne
836 3163 966 3226 lecerit?
1011 3163 1096 3238 Quod
1120 3181 1181 3226 non
1202 3149 1269 3224 me-

178 3279 319 3342 diocriter
348 3277 498 3360 Scriptura
527 3277 704 3340 condemnat
735 3277 855 3340 dicens:
883 3275 911 3361 ¹)
940 3278 993 3340 Ere
1023 3296 1076 3339 ore
1104 3277 1270 3340 stultorum

178 3390 308 3454 docetur
336 3389 549 3454 contumeliae.
596 3389 740 3456 stultitiae
763 3390 852 3474 igitur
875 3387 1087 3456 condemnatur
1118 3391 1167 3470 qui
1190 3407 1269 3453 con-

178 3507 328 3570 tumeliam
361 3503 438 3570 lecit.
489 3505 596 3569 Nonne
627 3504 684 3569 hoc
717 3506 812 3589 magis
842 3502 1031 3586 fugiendum,
1064 3522 1150 3584 quam
1177 3521 1268 3584 mors,

179 3638 265 3702 quem
289 3619 490 3702 dispendium,
514 3637 600 3700 quam
623 3619 738 3700 inopia,
762 3637 849 3700 quam
873 3617 1021 3696 exsilium,
1050 3635 1135 3698 quam
1159 3617 1268 3680 debili-

180 3735 246 3796 tatis
263 3733 372 3798 dolori
418 3734 490 3808 Quis
507 3735 582 3818 enlm
604 3734 705 3796 uitium
728 3732 864 3814 corporis
881 3737 930 3794 aut
944 3731 1108 3813 patrimonii
1132 3731 1267 3795 damnum

179 3863 240 3910 non
261 3846 356 3910 levius
380 3848 467 3913 ducat
489 3849 560 3911 vitio
583 3847 671 3914 ammi
695 3853 724 3912 et
747 3847 969 3944 existimationis
993 3827 1157 3928 dispendio.

250 4089 370 4163 1)Prov.
390 4091 431 4159 tt,
450 4092 474 4144 3.
