2976 4706
199 338 262 404 168
647 334 673 388 s,
692 330 848 388 anoaosu

193 497 339 579 patiamur
362 496 466 560 alienis
490 494 720 574 calamitatibus,
753 492 950 558 necessitates
980 493 1124 574 aliorum,
1156 504 1298 578 quantum

193 626 364 694 possumus,
387 608 534 688 iuvemus,
556 613 587 671 et
608 607 675 690 plus
698 605 855 688 interdum,
878 626 967 690 qnam
984 625 1154 691 possumus.
1191 608 1298 672 Melius

193 727 241 786 est
263 720 341 786 enim
363 737 419 803 pro
443 718 649 784 misericordia
672 736 780 784 causas
802 726 967 802 praestare,
990 720 1039 784 vel
1062 720 1201 786 invidiam
1223 740 1297 803 per-

192 833 264 917 peti,
287 850 375 916 quam
398 828 597 914 praetendere
623 829 851 909 inclementiam,
874 837 908 893 ut
929 847 986 894 nos
1009 831 1169 912 aliquando
1192 833 1223 896 in
1246 833 1297 895 in-

193 946 302 1012 vidiam
325 945 491 1024 incidimus,
515 944 596 1026 quod
613 943 852 1026 confregerimus
868 961 940 1007 vasa
957 944 1091 1027 mystica,
1114 951 1146 1008 ut
1161 945 1298 1029 captivos

192 1059 418 1138 redimeremus,
441 1057 522 1140 quod
545 1056 665 1122 Arianis
688 1056 848 1138 displicere
870 1061 1008 1138 poterat;
1032 1073 1089 1119 nee
1107 1063 1166 1120 tam
1188 1057 1297 1124 lactum

193 1175 373 1258 displicere,
407 1189 495 1254 quam
528 1177 560 1234 ut
595 1178 677 1236 esset
710 1170 791 1252 quod
824 1170 855 1234 in
888 1170 977 1236 nobis
1010 1169 1296 1250 reprehenderetur.

193 1288 267 1364 Quis
289 1293 388 1352 autem
411 1291 457 1348 est
479 1290 538 1347 ιιιιι
557 1282 659 1364 durus,
683 1282 804 1362 inmitis,
827 1281 958 1362 leneus,
980 1281 1030 1345 cui
1046 1281 1201 1365 displiceat
1215 1284 1297 1365 quod

193 1401 284 1466 homo
306 1397 462 1464 redimitur
484 1414 501 1459 a
524 1403 638 1476 morte,
669 1395 778 1460 lemlna
800 1396 838 1460 ab
860 1394 1069 1478 inpuritatilrus
1090 1394 1297 1476 barbarorum,

193 1529 271 1595 qnae
300 1510 459 1594 grarimes
489 1517 586 1575 morta
612 1515 699 1589 sunt,
730 1509 947 1575 adulescentuli
977 1516 1068 1590 atque
1098 1509 1216 1589 puemli
1246 1511 1297 1574 vel

193 1620 323 1688 infantes
345 1621 383 1686 ab
406 1620 553 1700 idolorum
576 1621 743 1704 contagiis,
774 1621 881 1703 quitus
911 1621 1016 1684 mortis
1046 1627 1126 1685 metu
1156 1622 1297 1703 inquina-

193 1734 329 1800 banau?

285 1842 356 1910 137.
401 1844 496 1919 Onam
528 1861 649 1908 cansam
681 1862 738 1908 nos
768 1845 826 1908 etsi
857 1861 919 1908 non
949 1845 1017 1908 sine
1047 1847 1165 1911 ratione
1196 1847 1296 1930 aliqm

193 1957 354 2046 gessimus,
376 1964 475 2022 tamen
498 1956 539 2021 ita
558 1956 588 2019 ln
607 1957 719 2040 populo
734 1956 887 2040 prosecuti
901 1975 1016 2036 sumus,
1037 1965 1070 2022 nt
1084 1961 1298 2025 confiteremur

193 2074 347 2154 multoque
375 2070 471 2136 luisse
500 2069 685 2135 commodius
712 2071 952 2151 adstrueremus,
985 2079 1017 2136 ut
1040 2073 1152 2135 animas
1175 2072 1297 2138 domino

194 2205 281 2270 quam
296 2203 400 2250 aurum
415 2199 618 2248 servaremus.
653 2181 711 2256 Qui
727 2182 806 2245 enirn
817 2183 886 2246 sine
902 2200 976 2246 auro
992 2182 1070 2245 misit
1083 2184 1250 2264 apostolos,
1263 2182 1295 2271 ¹)

193 2308 224 2366 et
252 2299 397 2365 ecclosias
425 2297 492 2362 sine
521 2313 596 2359 auro
627 2295 835 2378 congregavit.
886 2293 1001 2358 Aurum
1029 2293 1164 2358 Ecclesia
1196 2297 1296 2376 habet,

192 2432 255 2479 non
277 2419 309 2476 nt
331 2416 452 2490 servet,
480 2409 535 2474 sed
558 2418 590 2474 ut
613 2415 739 2492 eroget,
765 2416 796 2473 ut
819 2409 978 2473 subveniat
999 2407 1030 2471 in
1052 2409 1294 2473 necessitatibus.

193 2524 271 2600 Quid
300 2539 376 2605 opus
405 2527 453 2584 est
480 2520 633 2584 custodire
661 2519 742 2602 quod
764 2520 835 2584 nihil
857 2520 1003 2584 adiuvat?
1048 2519 1096 2584 An
1118 2521 1294 2604 ignommus

192 2641 333 2719 quantum
359 2633 424 2698 auri
454 2640 545 2713 atque
575 2633 694 2716 argenti
716 2630 754 2695 de
776 2631 887 2712 templo
910 2632 1021 2696 domini
1044 2631 1164 2716 Assyrii
1187 2641 1294 2698 sustu-

190 2749 303 2814 lerint?
315 2745 348 2833 ²)
384 2746 493 2812 Nonne
513 2745 619 2808 melius
642 2743 772 2809 conllant
794 2743 970 2808 sacerdotes
986 2751 1111 2827 propter
1126 2746 1295 2810 alimoniam

191 2880 375 2946 pauperum,
410 2863 437 2925 si
470 2862 528 2925 alia
563 2859 695 2924 subnoto
728 2859 845 2939 desint,
884 2878 973 2940 ιιιιιιιιι
1010 2860 1178 2942 sacrilegus
1215 2878 1294 2923 con-

191 2978 328 3040 taminata
350 2954 485 3056 asportet
506 2975 627 3038 hemis?
669 2975 779 3038 Nonne
807 2974 939 3037 dicturus
968 2978 1016 3035 est
1043 2971 1198 3036 dominus:
1232 2971 1295 3036 Cur

191 3105 299 3169 passus
329 3105 364 3150 es
394 3094 440 3152 tot
461 3089 568 3170 inopes
590 3087 668 3151 lame
691 3089 812 3152 emori?
856 3087 895 3151 Et
916 3093 999 3150 certe
1022 3085 1154 3150 habebas
1178 3105 1294 3166 aurum,

191 3198 393 3261 ministrasses
415 3197 592 3290 alimoniam.
636 3199 698 3262 Cur
718 3205 763 3262 tot
785 3199 893 3280 captivi
917 3197 1037 3262 deducti
1059 3199 1089 3262 in
1112 3199 1293 3263 commercio

191 3317 278 3392 sunt,
308 3329 366 3374 nec
394 3309 541 3391 redempti
568 3311 607 3372 ab
637 3310 725 3373 lroste
755 3310 847 3373 occisi
876 3310 969 3372 sunt?
1013 3309 1120 3372 llelius
1142 3307 1239 3372 inerat
1261 3316 1295 3372 ut

191 3439 264 3486 vasa
286 3421 450 3484 viventium
470 3437 622 3500 servares,
649 3439 737 3501 quam
758 3420 954 3486 metallorum.

283 3529 356 3595 138.
398 3533 451 3594 llis
484 3550 547 3595 non
580 3539 684 3614 posset
716 3551 896 3616 responsum
930 3534 1049 3598 relerr'n
1103 3533 1180 3608 Quid
1214 3535 1294 3597 enim

193 3644 327 3709 diceres:
351 3645 447 3708 'limui
469 3665 508 3709 ne
531 3647 641 3729 templo
664 3646 712 3712 dei
737 3657 861 3714 ornatus
882 3647 1029 3712 deesset?
1065 3646 1293 3729 desponderet:

191 3758 306 3823 Aurum
328 3764 513 3823 marmania
534 3777 596 3824 non
618 3767 783 3841 quaerunt,
813 3779 914 3842 neque
942 3777 1016 3822 anro
1045 3758 1183 3840 placent,
1214 3776 1294 3838 quae

192 3891 267 3936 auro
289 3891 351 3936 non
373 3879 520 3937 emuntur.
564 3874 696 3938 Ornatus
718 3879 972 3938 sacramentorum
993 3870 1162 3953 redemptio
1193 3871 1293 3953 capti-

265 4111 294 4175 ι)
312 4110 398 4164 naon.
417 4112 460 4179 ao,
479 4113 504 4164 o.
574 4113 607 4184 a)
623 4113 725 4182 erog.
743 4115 788 4180 aa,
809 4110 849 4164 aa.
