2976 4706
413 347 459 400 DE
479 345 617 400 [tumens
635 345 858 400 llllilS'lllOllUll
877 347 972 400 LIBER
991 347 1008 399 l.
1197 352 1260 416 113

162 503 287 568 veritate
311 504 442 568 infirmus
466 502 561 588 sum),
585 507 610 569 si
633 525 709 590 ergo
733 507 885 588 perlectus
908 507 974 586 sim,
996 506 1144 572 benedico
1164 508 1261 572 mala-

163 616 320 697 dicentem,
345 619 421 680 sicut
444 617 642 682 benedicebat
667 628 697 682 et
712 620 829 700 Paulus,
854 622 904 701 qui
920 621 975 682 ait:
993 617 1021 703 ¹)
1044 619 1262 685 Maledicimm·

162 739 192 794 et
214 731 434 793 benedicimus.
480 729 623 793 Audierat
646 732 723 792 enim
741 729 904 794 dicentem:
920 728 952 814 ²)
974 730 1103 812 Dilipite
1120 733 1261 796 inimicos

162 852 301 920 cestros,
337 851 425 906 orate
455 862 517 922 pro
554 843 816 906 calunrnicntibus
848 853 878 904 et
907 845 1164 924 persequentibus
1194 863 1261 909 coa.

162 955 232 1022 ldeo
256 975 332 1040 ergo
355 957 462 1019 Paulus
485 958 726 1039 persecutionem
749 958 915 1038 patiebatur
937 965 967 1020 et
989 959 1165 1038 sustinebat,
1192 960 1261 1041 qnia

163 1067 302 1130 vincebat
330 1076 363 1130 et
393 1067 545 1149 mitigabat
575 1067 733 1130 humanum
758 1068 895 1131 allectum
917 1072 1091 1151 propositae
1114 1071 1261 1136 mercedis

163 1181 267 1264 gratia,
290 1186 322 1243 ut
344 1181 420 1244 iilius
444 1179 492 1244 dei
515 1181 609 1258 beret,
634 1181 659 1242 si
683 1181 840 1245 dilexisset
862 1183 1019 1247 inimicum.

251 1290 323 1358 236.
369 1294 481 1356 l'amen
512 1300 541 1356 et
572 1300 706 1356 sanctum
729 1294 825 1356 David
856 1295 886 1358 in
917 1297 975 1360 boc
1004 1315 1125 1379 qunque
1147 1317 1262 1381 genere

163 1409 279 1471 virtutis
311 1409 445 1490 inparem
475 1409 565 1472 Paulo
599 1427 660 1472 non
691 1407 785 1472 luisse
818 1410 951 1473 edocere
983 1429 1151 1492 possumus.
1205 1412 1263 1486 om

55 1569 61 1579 .
163 1522 258 1603 primo
289 1521 424 1602 quidem,
459 1542 524 1585 cum
557 1523 749 1584 malediceret
781 1524 810 1585 ei
842 1524 917 1586 filius
952 1524 1050 1587 Semel
1081 1531 1110 1586 et
1141 1525 1263 1588 crimina

165 1635 317 1714 obiceret,
333 1633 366 1719 3)
398 1637 514 1698 tacebat
544 1643 573 1697 et
604 1636 826 1714 humiliabatur,
860 1643 889 1697 et
912 1637 1018 1700 silebat
1040 1657 1057 1700 a
1079 1639 1166 1700 bonis
1189 1639 1262 1718 suis,

162 1747 222 1811 hoc
247 1756 302 1827 est,
325 1750 473 1812 bonorum
496 1766 620 1830 operum
643 1749 841 1826 corrscientia3
865 1749 974 1812 deinde
991 1750 1150 1830 expetebat
1166 1750 1263 1812 male-

164 1860 223 1924 dici
246 1862 314 1940 sibi,
337 1863 406 1943 quia
430 1861 586 1926 maledicto
610 1863 660 1925 illo
684 1861 812 1924 divinam
829 1861 1004 1942 adquirebat
1019 1862 1262 1926 misericordiam.

250 1973 323 2040 237.
370 1974 445 2037 Vide
476 1981 573 2037 autem
604 1975 756 2055 quomodo
788 1980 817 2036 ct
847 1973 1038 2037 bumilitatem
1066 1982 1096 2037 et
1124 1976 1263 2038 iustitiam

165 2094 194 2149 et
209 2087 395 2169 prudentiam
412 2088 592 2152 emerendae
608 2108 623 2150 a
640 2083 894 2170 domino'gratioe
909 2088 1120 2150 reservaverit.
1165 2088 1261 2150 Primo

166 2199 253 2262 dixit:
271 2197 304 2284 ⁴)
334 2201 410 2264 ideo
440 2203 599 2264 maledicit
624 2202 717 2277 mibi,
751 2203 827 2280 quio
856 2201 1000 2262 domimus
1028 2200 1113 2284 dimit
1132 2199 1197 2275 illi,
1229 2207 1265 2260 ut

165 2316 339 2378 maledicat.
385 2316 483 2379 Habes
507 2316 715 2393 humilitatem,
740 2315 807 2395 quia
831 2333 876 2394 ea,
901 2332 977 2395 quae
1000 2313 1138 2378 divinitus
1162 2313 1262 2393 impe-

165 2429 324 2508 rabantur,
363 2431 575 2511 aequanimiter
607 2430 693 2510 quasi
727 2429 864 2493 servulus
900 2427 1024 2490 ferenda
1057 2427 1262 2490 arbitrabatur.

165 2541 274 2604 lterum
292 2542 379 2605 dixit:
394 2541 426 2626 5)
449 2545 541 2621 Ecce,
564 2545 649 2623 filies
672 2563 768 2622 meus,
792 2544 846 2624 qui
870 2542 970 2604 ecioit
992 2543 1030 2603 de
1053 2549 1160 2602 uentre
1182 2559 1260 2616 meo,

147 2657 289 2738 *queemt
317 2657 453 2719 animam
480 2675 586 2717 meum.
630 2655 730 2718 Habes
760 2655 915 2729 iustitiam:
948 2653 974 2715 si
1004 2651 1261 2716 animanostris

165 2768 307 2848 graviora
337 2769 480 2850 patimur,
517 2786 570 2830 cur
604 2766 726 2850 indigne
759 2765 881 2829 ierimus
916 2784 992 2846 quae
1025 2763 1193 2828 inferuntur
1224 2765 1261 2827 ab
1290 2825 1293 2834 ,

165 2879 297 2943 alicnis?
335 2881 435 2943 Tertio
460 2880 517 2942 ait:
530 2875 563 2963 ⁶)
587 2879 713 2941 Dimitte
736 2879 833 2956 ilium,
857 2886 891 2938 ut
912 2877 1090 2953 maledicat,
1113 2877 1262 2957 quonium

165 2994 251 3056 dicit
271 2994 320 3056 illi
344 2995 498 3069 dominns,
522 3002 556 3054 ut
579 2993 687 3054 cideot
707 2991 952 3052 humiliationem
973 3009 1082 3067 eneam,
1110 2999 1140 3052 et
1161 2990 1261 3053 retri-

165 3107 236 3168 buet
265 3107 340 3168 mibi
368 3108 508 3170 dominus
537 3125 598 3185 pro
629 3106 796 3168 maledieto
826 3105 894 3166 boc.
941 3104 1004 3166 Nec
1033 3104 1129 3167 solum
1151 3106 1263 3167 convi-

164 3219 284 3282 tiantem
307 3219 445 3300 pertulit,
478 3219 531 3282 sed
554 3220 643 3280 etiam
666 3217 844 3299 lapidantem
868 3223 898 3278 et
920 3224 1097 3297 sequentem
1120 3217 1263 3278 inlaesum

163 3333 301 3412 reliquit,
335 3333 407 3412 quin
437 3331 524 3394 etiam
558 3335 627 3411 post
658 3327 811 3391 victoriam
844 3327 957 3409 patenti
987 3327 1112 3389 veniam.
1135 3326 1263 3390 libenter

164 3448 289 3531 ignovit.
308 3441 339 3528 ⁷)

253 3556 325 3624 238.
372 3555 460 3632 Quod
493 3574 530 3618 eo
561 3556 691 3634 inserui,
726 3561 759 3616 ut
790 3551 966 3632 evangelico
997 3551 1100 3630 spiritu
1129 3556 1263 3614 sanctum

164 3669 259 3732 David
291 3687 353 3731 non
385 3667 482 3730 solum
511 3665 709 3744 inoffensum,
741 3662 907 3727 sedetiam
929 3669 1047 3745 gratum
1068 3662 1162 3725 luisse
1184 3681 1263 3726 con-

165 3783 279 3846 vitianti
303 3783 445 3845 docerem
468 3786 498 3842 et
521 3779 697 3842 delectatum
721 3779 837 3860 potiuS,
870 3794 958 3857 quam
981 3783 1191 3858 exasperatum
1211 3777 1263 3837 in-

163 3911 373 3919 ...ῃ-..-κ

235 3963 263 4028 1)
284 3963 308 4016 1.
328 3961 386 4014 Gor.
405 3962 432 4027 1,
452 3960 491 4012 12.
581 3961 609 4024 2)
629 3959 716 4011 blattb.
738 3959 763 4024 5,
782 3958 825 4010 44.
915 3957 944 4024 3)
968 3956 993 4009 2.
1011 3955 1076 4024 lieg.
1097 3955 1138 4020 16,
1157 3953 1174 4005 7
1191 3971 1263 4025 seqq.

163 4051 193 4115 l)
212 4050 237 4102 2.
255 4049 321 4119 lleg.
341 4049 384 4115 16,
404 4047 445 4102 10.
515 4049 543 4112 5)
564 4046 626 4101 lbid.
646 4064 672 4099 r.
693 4045 732 4097 11.
799 4045 828 4112 6)
847 4043 912 4097 lbid.
932 4061 957 4098 v.
979 4043 1007 4094 11
1030 4058 1086 4111 seq.
1150 4041 1180 4112 7)
1198 4041 1263 4095 lbid.

164 4133 207 4201 19,
230 4135 273 4189 22.

216 4215 391 4285 Auasosross
1034 4225 1055 4290 8
