2894 4716
238 421 304 494 190
658 415 913 476 nononnnonns

238 585 318 638 tiene.
337 590 413 652 etone
432 579 508 649 dito..
526 597 604 652 quen
622 583 752 637 inminens
769 584 837 638 erui
853 581 931 636 hebet
949 581 991 634 ed.
1012 581 1089 648 died,
1109 598 1187 654 pecces
1204 584 1347 637 dominere

237 690 338 732 enuere
356 672 411 741 tte,
436 687 512 741 quem
537 673 650 724 iniecere
671 675 800 726 toniuese
818 675 850 724 oi
868 674 972 726 Metiue
988 673 1055 726 eccui
1074 668 1162 722 scribit
1180 668 1234 736 Bc,
1259 691 1347 740 quun

237 763 367 818 nouem
385 767 509 824 meret,
528 773 593 826 quoe
613 755 689 808 lectio
708 757 769 808 mihi
786 755 896 825 plicuit,
921 765 1069 810 contexeret
1085 755 1204 810 Emmne
1224 773 1345 828 eumque

238 850 322 904 secuti
339 855 398 900 sont
416 845 555 910 costerius,
573 843 695 898 Pictorine
713 853 740 898 ct
758 845 843 898 editor
858 843 995 925 idomenus.
1025 843 1051 898 t..
1070 860 1124 914 seq.
1143 854 1201 912 poet
1218 852 1346 917 pettam

238 943 363 1006 expuncta
381 931 504 1003 porticulo
522 941 546 987 st
564 933 651 1000 scripsi
668 935 798 988 dominere
816 935 985 988 ecte-udinese
1009 948 1066 986 cnm
1084 933 1159 986 codd.
1179 933 1211 984 W
1234 944 1261 988 ct
1282 937 1344 990 Mo-

236 1039 325 1090 dico,
352 1032 376 1076 et
393 1023 512 1076 iussim
530 1022 699 1074 extrudimur
718 1018 813 1072 hebent
836 1017 893 1071 edd.
913 1017 1015 1072 Amerb.
1035 1019 1133 1074 Ereem.
1152 1015 1224 1076 Cost.
1245 1023 1344 1078 Pistor.

237 1109 321 1177 Rom,
339 1119 364 1164 et
380 1110 498 1164 ioeeinee
516 1110 685 1164 excludimus
712 1108 788 1160 codd.
808 1116 834 1160 et
851 1107 909 1160 edd.
928 1106 984 1160 reii.
1020 1105 1098 1160 Penio
1115 1117 1175 1178 post
1192 1125 1218 1160 v.
1239 1116 1345 1168 mm

238 1197 271 1252 el.
289 1216 322 1252 m.
342 1213 417 1268 supro
435 1193 532 1247 addidit
549 1196 575 1247 in
595 1193 634 1246 W.

343 1303 370 1356 P.
391 1301 449 1354 tet.

310 1409 333 1460 1.
361 1411 422 1462 dire
446 1409 596 1478 ceniteieiet
619 1406 705 1473 teies]
730 1405 766 1458 tn
791 1405 865 1458 codd.
892 1404 961 1460 Behc
988 1407 1163 1478 editionceqnc
1187 1409 1244 1466 cot.
1271 1413 1345 1466 died.

239 1497 316 1550 Mene.
336 1504 362 1548 et
379 1494 455 1560 dito,
475 1499 498 1550 d.
519 1499 655 1570 conficeret
672 1498 745 1548 teter
763 1492 832 1546 Coet.
850 1492 939 1547 Pictor.
958 1494 1041 1560 non„
1063 1499 1088 1550 i.
1108 1503 1248 1567 enpceree
1266 1505 1347 1558 teter

239 1586 347 1649 Erum..
366 1587 390 1638 d.
410 1588 548 1652 conficeret
567 1581 627 1648 (cic)
645 1585 718 1638 deice
735 1580 783 1646 W,
801 1584 826 1635 d.
847 1587 996 1650 confecerat
1012 1587 1062 1639 toi.
1084 1585 1160 1637 codd.
1179 1585 1300 1642 Monocc.
1323 1608 1346 1644 c.

240 1674 283 1726 ed.
303 1671 406 1724 Amoris.
442 1669 505 1722 Tum
528 1678 623 1739 quanto
642 1666 695 1733 Be,
720 1679 832 1738 pumice
857 1685 922 1721 em.
943 1685 997 1738 pn,
1025 1677 1346 1746 excommunicetis,

239 1769 326 1814 tentor
345 1760 422 1811 etiem
442 1757 520 1809 ceteri
532 1755 646 1808 dionecc.
683 1755 733 1807 Pro
750 1759 812 1810 urii
824 1754 860 1809 Bc
878 1765 904 1808 et
921 1758 1051 1827 exemplet
1062 1758 1117 1812 Col.
1137 1761 1234 1813 hebent
1252 1769 1345 1822 ortis.

240 1845 265 1896 2.
293 1862 354 1900 eece
377 1853 435 1914 poet
458 1847 624 1915 conferuedis
648 1844 769 1896 incertum
787 1843 812 1896 in
831 1841 876 1896 Bc.
921 1845 945 1898 3.
964 1849 1123 1902 conmerciie
1141 1847 1180 1900 W.
1200 1847 1244 1920 dig
1264 1860 1293 1903 et
1313 1871 1345 1908 ex

239 1940 326 1984 mutet.
346 1931 393 1984 tte.
430 1929 492 1984 Tum
515 1935 585 2002 fame
609 1933 694 1985 aliene
710 1933 804 1985 iuvere
822 1929 854 1980 W
873 1938 899 1982 ct
916 1947 953 2000 ps.
973 1931 1027 1998 tte,
1051 1938 1122 2002 fonte
1140 1937 1229 1992 eie'enu
1248 1941 1347 1998 iuva-i

240 2017 284 2072 Be.
304 2019 400 2072 Eidem.
419 2017 518 2073 Coetee.
537 2017 626 2071 Pistor.
646 2027 673 2070 et
691 2018 776 2070 editor
794 2017 930 2070 Romanus.
975 2019 1000 2071 1.
1024 2022 1053 2074 iu
1076 2023 1197 2092 (prout)
1220 2041 1272 2092 per
1291 2045 1343 2082 m,

241 2107 273 2161 cb
292 2125 312 2162 r.
332 2125 364 2161 m.
378 2107 427 2173 dio,
446 2108 523 2178 idque
541 2107 667 2174 reperitur
684 2107 759 2158 ctiam
778 2107 805 2158 in
823 2107 915 2159 ceteris
932 2105 1000 2158 libris
1013 2106 1126 2162 Monecc.
1164 2112 1188 2162 5.
1208 2119 1344 2172 extincti,

241 2195 316 2249 codd.
341 2203 367 2248 et
394 2196 453 2248 edd.
482 2210 563 2262 usqne
591 2192 622 2244 cd
652 2192 728 2246 Mnus.
756 2208 860 2258 omncs,
889 2183 955 2262 punc
980 2194 1238 2254 habetmeincm.
1277 2202 1343 2258 lund

240 2281 334 2354 legitur
353 2287 428 2338 etiem
446 2284 471 2336 in
491 2281 555 2334 Gilb.
589 2279 649 2333 Mox
667 2284 795 2354 epricutie
816 2279 855 2332 W.
892 2280 952 2334 Tum
978 2287 1099 2339 occulere
1125 2303 1264 2344 occasuro
1285 2295 1341 2346 iue-

239 2359 393 2440 perpetuum
412 2373 476 2440 (eie)
496 2369 542 2434 Bb,
562 2385 711 2423 occeseure
728 2365 769 2420 W.
806 2365 845 2418 Do
864 2383 913 2437 qne
932 2372 1056 2438 scripture
1074 2371 1126 2424 vid.
1144 2375 1269 2445 Wnpuer.
1289 2377 1307 2430 1.
1321 2396 1342 2432 c.
1418 2349 1419 2386 t

240 2476 266 2527 p.
279 2457 330 2510 468
341 2476 378 2529 sq.
416 2460 439 2510 7.
459 2463 555 2530 offerre
572 2473 611 2524 pr.
630 2455 680 2507 die.
716 2453 782 2507 Dein
800 2458 1048 2511 conencoerunted.
1063 2457 1128 2512 died.
1165 2460 1190 2511 8.
1209 2475 1343 2532 paam

243 2561 292 2597 om.
313 2542 358 2610 W,
381 2563 479 2616 pecore
496 2544 574 2597 hebet
592 2543 632 2597 ed.
652 2543 718 2596 died.
764 2543 788 2595 9.
806 2547 951 2614 colopene
973 2546 1040 2614 (eino
1058 2549 1100 2615 iu)
1123 2549 1241 2602 scribunt
1262 2551 1339 2606 dibcd.

242 2631 270 2686 ln
289 2633 331 2686 dn.
351 2637 501 2704 accipimur
521 2632 559 2684 W·

312 2740 336 2803 ς.
354 2740 398 2804 47,
420 2740 551 2809 i.ieeopie
569 2736 608 2789 W.
645 2736 670 2788 2.
687 2755 741 2792 nou
758 2753 804 2806 pro
822 2755 964 2808 numquam
982 2737 1014 2788 W
1037 2747 1064 2791 ct
1082 2739 1197 2794 Monecc.
1236 2746 1326 2802 sue.

242 2829 298 2882 diis
315 2825 357 2895 dig
376 2835 402 2879 ct
419 2827 459 2880 cd.
478 2823 544 2890 cot,
563 2833 591 2878 ut
610 2825 711 2893 possim.
748 2824 810 2876 Tum
829 2828 994 2894 inpertiende
1012 2825 1043 2875 W
1065 2835 1090 2879 et
1108 2827 1158 2893 die,
1176 2832 1332 2900 iopes-eiius

241 2913 284 2966 vei
310 2916 475 2984 dispertienda
499 2915 567 2976 (cum
593 2912 617 2964 1.
640 2929 665 2964 ν.
690 2928 736 2980 per
761 2912 938 2980 compendium
963 2914 996 2964 eit
1018 2914 1152 2981 scriptum)
1178 2913 1216 2966 Bc
1241 2927 1272 2972 et
1294 2919 1337 2986 dig,

241 3005 303 3069 imp.
318 3005 377 3068 (per
389 2998 537 3066 compend.)
551 2998 701 3063 ceddren,
719 3002 825 3068 impert.
839 2999 900 3050 editi
913 2997 970 3050 libri
982 3015 1079 3052 omncs.
1110 3002 1135 3054 6.
1149 3007 1270 3060 culeum
1284 3006 1338 3060 edd.

243 3085 298 3138 Col.
318 3084 419 3138 dmerb.
447 3095 473 3138 et
497 3095 599 3137 ceterae
625 3095 683 3138 ente
702 3086 780 3138 dieue.
817 3085 874 3137 Mox
896 3104 1009 3158 repuroe
1033 3084 1076 3138 Bc.
1113 3087 1175 3142 Tum
1200 3096 1246 3146 uti
1266 3099 1340 3148 etim

242 3171 297 3227 Bbc
324 3176 501 3245 editioncequc
527 3173 581 3226 cot.
609 3192 639 3227 ec
664 3175 730 3227 tted.
759 3183 784 3226 et
811 3179 931 3230 inuenies
960 3176 1088 3244 exemplar
1114 3174 1169 3230 Col.
1215 3179 1239 3230 7.
1269 3201 1341 3252 qum

242 3265 365 3336 ipnornen
382 3261 420 3315 Bb
440 3280 462 3315 c.
484 3263 542 3315 edd.
562 3262 663 3315 Amerb.
684 3265 828 3331 ceterisque
847 3261 958 3316 Mancino
978 3264 1169 3333 antiquioribus.

313 3372 337 3435 §.
357 3363 407 3436 48,
426 3367 503 3421 2-3.
522 3371 685 3423 ministravit
704 3367 749 3420 Bb.
796 3369 819 3418 4.
840 3367 913 3421 Hinc
931 3384 978 3436 pro
996 3372 1039 3422 iiic
1058 3367 1097 3420 W.
1117 3369 1230 3424 Monecc.
1250 3383 1279 3425 et
1295 3373 1340 3428 Be.

243 3456 268 3508 5.
285 3460 414 3526 proimur
430 3455 533 3526 dibcdig
553 3464 578 3508 et
597 3472 611 3508 n
630 3473 662 3508 m.
682 3474 721 3525 pr.
740 3456 788 3508 dic.
826 3455 914 3508 Statim
939 3474 1002 3512 cere
1027 3473 1077 3510 om.
1097 3457 1159 3510 Bbc.
1203 3461 1228 3511 6.
1249 3480 1342 3518 omnes

171 3529 181 3548 ⁸
244 3560 294 3596 om.
308 3543 340 3594 W
353 3551 379 3595 et
392 3542 505 3596 dicoecc.
543 3544 607 3598 Dein
625 3547 735 3600 servaei
753 3544 842 3596 scribit
854 3543 891 3596 Mi
907 3552 933 3596 et
951 3562 1041 3600 omnes
1058 3549 1087 3600 di
1104 3545 1182 3598 habet
1199 3549 1241 3600 ed.
1256 3547 1340 3614 Med.;

243 3634 283 3685 tn
299 3630 359 3682 deut
372 3630 410 3682 W.
430 3629 474 3684 Bc.
495 3631 535 3700 ng
553 3648 576 3684 c.
595 3631 636 3683 ed.
650 3629 705 3684 Col.
741 3630 768 3682 L.
787 3647 841 3701 seq.
862 3635 981 3702 beneficio
999 3642 1044 3688 tuo
1061 3643 1171 3690 suiuus
1188 3633 1235 3688 Bb.
1271 3634 1340 3690 idem

243 3717 311 3770 liber
329 3719 450 3786 deinceps
467 3723 517 3774 doe
537 3729 581 3774 tuo
601 3735 668 3774 cure
685 3722 739 3772 iarn
755 3721 835 3772 morti
854 3722 974 3774 cienduit.

313 3825 338 3888 §.
356 3823 401 3886 49,
420 3823 496 3876 2-3.
514 3826 657 3892 plurimam
674 3827 731 3877 ittie
749 3827 803 3876 icen
825 3825 929 3876 inverso
954 3823 1044 3877 ordino
1070 3824 1144 3878 codd.
1163 3824 1218 3878 Bbc
1236 3835 1262 3878 ct
1280 3826 1337 3880 cdd.

245 3908 299 3962 Col.
325 3924 356 3962 cc
375 3909 440 3962 tted.
479 3910 542 3963 Dein
564 3919 746 3980 ermeepcrant
769 3920 876 3964 netotceu
894 3907 939 3962 Be.
976 3911 1034 3964 Mox
1055 3916 1144 3968 atieee
1169 3928 1216 3980 pro
1241 3916 1339 3970 ediieee

244 3997 332 4064 recepi
357 4013 387 4048 ox
413 3997 488 4050 codd.
513 3996 554 4047 W.
580 3996 692 4050 tionncc.
718 4006 745 4050 ct
766 3995 835 4062 Ebc,
862 3998 952 4066 quibus
977 3999 1141 4067 edetipnietor
1168 4003 1338 4069 antiquissime

246 4083 333 4135 editio.
370 4083 436 4136 Ante
455 4088 550 4154 quidue
569 4100 588 4138 r.
609 4101 641 4136 m.
661 4086 687 4138 in
707 4086 744 4138 Mc
764 4088 943 4155 superscripsit
964 4105 1040 4153 cum,
1068 4087 1135 4157 quod
1158 4089 1185 4140 in
1208 4088 1261 4142 rell.
1280 4087 1337 4142 tto-

245 4185 315 4220 nncc.
336 4178 430 4222 textum
446 4170 544 4222 invneit.
581 4173 605 4224 t.
627 4176 704 4226 cidus
717 4188 755 4242 pr.
770 4173 811 4238 W,
830 4178 984 4230 concivibus
998 4174 1042 4241 Be,
1061 4180 1155 4232 ociiue
1167 4175 1235 4246 dog,
1253 4194 1336 4234 ovant

155 4313 159 4320 .
247 4258 341 4320 eritne
359 4254 424 4316 ned.
461 4255 522 4340 Tou
541 4262 715 4318 emetiendum
733 4261 779 4332 (in
799 4259 829 4312 W
848 4269 875 4316 et
893 4261 958 4330 noo)
984 4262 1066 4318 indta
1086 4277 1108 4316 r.
1127 4278 1161 4316 m.
1183 4264 1289 4320 notavit
1310 4267 1336 4320 in
