<?xml version="1.0" encoding="UTF-8"?>
<!DOCTYPE html PUBLIC "-//W3C//DTD XHTML 1.0 Transitional//EN"
    "http://www.w3.org/TR/xhtml1/DTD/xhtml1-transitional.dtd">
<html xmlns="http://www.w3.org/1999/xhtml" xml:lang="en" lang="en">
 <head>
  <title>
</title>
<meta http-equiv="Content-Type" content="text/html;charset=utf-8" />
  <meta name='ocr-system' content='tesseract 3.04.00' />
  <meta name='ocr-capabilities' content='ocr_page ocr_carea ocr_par ocr_line ocrx_word'/>
</head>
<body>
  <div class='ocr_page' id='page_1' title='image "./deofficiisminis01krabgoog_0123.png"; bbox 0 0 2976 4706; ppageno 0'>
   <div class='ocr_carea' id='block_1_1' title="bbox 196 324 834 392">
    <p class='ocr_par' dir='ltr' id='par_1_1' title="bbox 196 324 834 392">
     <span class='ocr_line' id='line_1_1' title="bbox 196 324 834 392; baseline -0.014 -3"><span class='ocrx_word' id='word_1_1' title='bbox 196 327 258 392; x_wconf 78' lang='lat'>112</span> <span class='ocrx_word' id='word_1_2' title='bbox 635 325 661 380; x_wconf 88' lang='lat' dir='ltr'>S.</span> <span class='ocrx_word' id='word_1_3' title='bbox 679 324 834 382; x_wconf 75' lang='lat' dir='ltr'>Adsuesu</span> 
     </span>
    </p>
   </div>
   <div class='ocr_carea' id='block_1_2' title="bbox 195 485 1294 1255">
    <p class='ocr_par' dir='ltr' id='par_1_2' title="bbox 195 485 1292 1027">
     <span class='ocr_line' id='line_1_2' title="bbox 195 485 1289 571; baseline 0.005 -24"><span class='ocrx_word' id='word_1_4' title='bbox 195 485 344 565; x_wconf 90' lang='lat' dir='ltr'>nascitur,</span> <span class='ocrx_word' id='word_1_5' title='bbox 376 504 464 566; x_wconf 91' lang='lat' dir='ltr'>quam</span> <span class='ocrx_word' id='word_1_6' title='bbox 495 491 634 569; x_wconf 85' lang='lat' dir='ltr'>acceptae</span> <span class='ocrx_word' id='word_1_7' title='bbox 666 487 844 571; x_wconf 91' lang='lat' dir='ltr'>plerumque</span> <span class='ocrx_word' id='word_1_8' title='bbox 875 487 1010 552; x_wconf 73' lang='lat' dir='ltr'>accendit</span> <span class='ocrx_word' id='word_1_9' title='bbox 1037 488 1162 554; x_wconf 88' lang='lat' dir='ltr'>iniuriae</span> <span class='ocrx_word' id='word_1_10' title='bbox 1193 488 1289 554; x_wconf 92' lang='lat' dir='ltr'>dolor.</span> 
     </span>
     <span class='ocr_line' id='line_1_3' title="bbox 195 600 1290 687; baseline 0.004 -22"><span class='ocrx_word' id='word_1_11' title='bbox 195 600 240 666; x_wconf 82' lang='lat' dir='ltr'>lle</span> <span class='ocrx_word' id='word_1_12' title='bbox 259 618 319 681; x_wconf 92' lang='lat' dir='ltr'>quo</span> <span class='ocrx_word' id='word_1_13' title='bbox 338 601 409 665; x_wconf 92' lang='lat' dir='ltr'>satis</span> <span class='ocrx_word' id='word_1_14' title='bbox 427 619 484 668; x_wconf 87' lang='lat' dir='ltr'>nos</span> <span class='ocrx_word' id='word_1_15' title='bbox 502 603 616 686; x_wconf 83' lang='lat' dir='ltr'><strong>psalmi,</strong></span> <span class='ocrx_word' id='word_1_16' title='bbox 639 621 728 685; x_wconf 91' lang='lat' dir='ltr'>quem</span> <span class='ocrx_word' id='word_1_17' title='bbox 753 604 784 667; x_wconf 92' lang='lat' dir='ltr'>in</span> <span class='ocrx_word' id='word_1_18' title='bbox 803 603 990 686; x_wconf 68' lang='lat' dir='ltr'>praefatione</span> <span class='ocrx_word' id='word_1_19' title='bbox 1012 603 1175 687; x_wconf 87' lang='lat' dir='ltr'>posuimus,</span> <span class='ocrx_word' id='word_1_20' title='bbox 1197 621 1290 687; x_wconf 92' lang='lat' dir='ltr'>prae·</span> 
     </span>
     <span class='ocr_line' id='line_1_4' title="bbox 196 715 1289 800; baseline 0.005 -23"><span class='ocrx_word' id='word_1_21' title='bbox 196 722 280 800; x_wconf 88' lang='lat' dir='ltr'>cepta</span> <span class='ocrx_word' id='word_1_22' title='bbox 308 715 465 779; x_wconf 89' lang='lat' dir='ltr'>instruunt.</span> <span class='ocrx_word' id='word_1_23' title='bbox 510 715 635 780; x_wconf 90' lang='lat' dir='ltr'>Pulchre</span> <span class='ocrx_word' id='word_1_24' title='bbox 668 724 766 781; x_wconf 85' lang='lat' dir='ltr'>autern</span> <span class='ocrx_word' id='word_1_25' title='bbox 789 723 819 781; x_wconf 90' lang='lat' dir='ltr'>et</span> <span class='ocrx_word' id='word_1_26' title='bbox 841 718 900 782; x_wconf 88' lang='lat' dir='ltr'>hoe</span> <span class='ocrx_word' id='word_1_27' title='bbox 931 715 1055 798; x_wconf 89' lang='lat' dir='ltr'>accidit,</span> <span class='ocrx_word' id='word_1_28' title='bbox 1088 723 1122 780; x_wconf 91' lang='lat' dir='ltr'>ut</span> <span class='ocrx_word' id='word_1_29' title='bbox 1150 718 1289 800; x_wconf 88' lang='lat' dir='ltr'>scripturi</span> 
     </span>
     <span class='ocr_line' id='line_1_5' title="bbox 198 825 1292 915; baseline 0.004 -23"><span class='ocrx_word' id='word_1_30' title='bbox 198 828 234 892; x_wconf 89' lang='lat' dir='ltr'>de</span> <span class='ocrx_word' id='word_1_31' title='bbox 258 825 364 894; x_wconf 83' lang='lat' dir='ltr'>officiis</span> <span class='ocrx_word' id='word_1_32' title='bbox 387 846 423 892; x_wconf 88' lang='lat' dir='ltr'>ea</span> <span class='ocrx_word' id='word_1_33' title='bbox 446 829 639 910; x_wconf 86' lang='lat' dir='ltr'>praelationis</span> <span class='ocrx_word' id='word_1_34' title='bbox 665 837 786 894; x_wconf 82' lang='lat' dir='ltr'>nostrae</span> <span class='ocrx_word' id='word_1_35' title='bbox 809 830 982 896; x_wconf 85' lang='lat' dir='ltr'>adsertione</span> <span class='ocrx_word' id='word_1_36' title='bbox 1011 839 1185 914; x_wconf 90' lang='lat' dir='ltr'>uteremur,</span> <span class='ocrx_word' id='word_1_37' title='bbox 1215 849 1292 915; x_wconf 91' lang='lat' dir='ltr'>quae</span> 
     </span>
     <span class='ocr_line' id='line_1_6' title="bbox 197 940 906 1027; baseline 0.003 -23"><span class='ocrx_word' id='word_1_38' title='bbox 197 943 311 1025; x_wconf 90' lang='lat' dir='ltr'>etipsa</span> <span class='ocrx_word' id='word_1_39' title='bbox 334 942 372 1008; x_wconf 92' lang='lat' dir='ltr'>ad</span> <span class='ocrx_word' id='word_1_40' title='bbox 394 940 486 1007; x_wconf 84' lang='lat' dir='ltr'>officii</span> <span class='ocrx_word' id='word_1_41' title='bbox 508 943 711 1027; x_wconf 82' lang='lat' dir='ltr'>magisterium</span> <span class='ocrx_word' id='word_1_42' title='bbox 734 944 906 1025; x_wconf 86' lang='lat' dir='ltr'>pertineret.</span> 
     </span>
    </p>

    <p class='ocr_par' dir='ltr' id='par_1_3' title="bbox 197 1055 1294 1255">
     <span class='ocr_line' id='line_1_7' title="bbox 283 1055 1293 1140; baseline -0.001 -17"><span class='ocrx_word' id='word_1_43' title='bbox 283 1056 355 1124; x_wconf 79' lang='lat'>232.</span> <span class='ocrx_word' id='word_1_44' title='bbox 413 1055 473 1122; x_wconf 87' lang='lat' dir='ltr'>Sed</span> <span class='ocrx_word' id='word_1_45' title='bbox 510 1057 579 1138; x_wconf 91' lang='lat' dir='ltr'>quia</span> <span class='ocrx_word' id='word_1_46' title='bbox 615 1075 726 1140; x_wconf 90' lang='lat' dir='ltr'>supra,</span> <span class='ocrx_word' id='word_1_47' title='bbox 772 1066 805 1122; x_wconf 93' lang='lat' dir='ltr'>ut</span> <span class='ocrx_word' id='word_1_48' title='bbox 847 1059 1022 1140; x_wconf 83' lang='lat' dir='ltr'>oportebat,</span> <span class='ocrx_word' id='word_1_49' title='bbox 1066 1057 1293 1140; x_wconf 80' lang='lat' dir='ltr'>perstrinximus</span> 
     </span>
     <span class='ocr_line' id='line_1_8' title="bbox 197 1170 1294 1255; baseline -0.002 -19"><span class='ocrx_word' id='word_1_50' title='bbox 197 1170 443 1255; x_wconf 88' lang='lat' dir='ltr'>quemadmodum</span> <span class='ocrx_word' id='word_1_51' title='bbox 473 1172 680 1253; x_wconf 91' lang='lat' dir='ltr'>unusquisque</span> <span class='ocrx_word' id='word_1_52' title='bbox 712 1190 820 1236; x_wconf 88' lang='lat' dir='ltr'>cavere</span> <span class='ocrx_word' id='word_1_53' title='bbox 851 1174 963 1254; x_wconf 84' lang='lat' dir='ltr'>possit,</span> <span class='ocrx_word' id='word_1_54' title='bbox 995 1190 1034 1236; x_wconf 91' lang='lat' dir='ltr'>ne</span> <span class='ocrx_word' id='word_1_55' title='bbox 1065 1173 1213 1236; x_wconf 84' lang='lat' dir='ltr'>excitetur</span> <span class='ocrx_word' id='word_1_56' title='bbox 1238 1189 1294 1235; x_wconf 90' lang='lat' dir='ltr'>ae-</span> 
     </span>
    </p>
   </div>
   <div class='ocr_carea' id='block_1_3' title="bbox 83 1283 1295 1368">
    <p class='ocr_par' dir='ltr' id='par_1_4' title="bbox 83 1283 1295 1368">
     <span class='ocr_line' id='line_1_9' title="bbox 83 1283 1295 1368; baseline 0 -20"><span class='ocrx_word' id='word_1_57' title='bbox 83 1299 93 1318; x_wconf 59' lang='lat'><em>*</em></span> <span class='ocrx_word' id='word_1_58' title='bbox 197 1290 283 1366; x_wconf 84' lang='lat' dir='ltr'>cepta</span> <span class='ocrx_word' id='word_1_59' title='bbox 304 1283 428 1363; x_wconf 89' lang='lat' dir='ltr'>iniuria,</span> <span class='ocrx_word' id='word_1_60' title='bbox 450 1290 610 1365; x_wconf 89' lang='lat' dir='ltr'>verentes,</span> <span class='ocrx_word' id='word_1_61' title='bbox 633 1301 672 1348; x_wconf 92' lang='lat' dir='ltr'>ne</span> <span class='ocrx_word' id='word_1_62' title='bbox 694 1284 840 1368; x_wconf 85' lang='lat' dir='ltr'>praelatio</span> <span class='ocrx_word' id='word_1_63' title='bbox 864 1285 1011 1367; x_wconf 84' lang='lat' dir='ltr'>prolixior</span> <span class='ocrx_word' id='word_1_64' title='bbox 1032 1285 1133 1366; x_wconf 90' lang='lat' dir='ltr'>fieret,</span> <span class='ocrx_word' id='word_1_65' title='bbox 1156 1302 1235 1350; x_wconf 90' lang='lat' dir='ltr'>nune</span> <span class='ocrx_word' id='word_1_66' title='bbox 1257 1285 1295 1348; x_wconf 94' lang='lat' dir='ltr'>de</span> 
     </span>
    </p>
   </div>
   <div class='ocr_carea' id='block_1_4' title="bbox 198 1395 1295 1482">
    <p class='ocr_par' dir='ltr' id='par_1_5' title="bbox 198 1395 1295 1482">
     <span class='ocr_line' id='line_1_10' title="bbox 198 1395 1295 1482; baseline 0 -20"><span class='ocrx_word' id='word_1_67' title='bbox 198 1416 236 1462; x_wconf 91' lang='lat' dir='ltr'>eo</span> <span class='ocrx_word' id='word_1_68' title='bbox 258 1398 381 1462; x_wconf 90' lang='lat' dir='ltr'>uberius</span> <span class='ocrx_word' id='word_1_69' title='bbox 414 1395 621 1479; x_wconf 86' lang='lat' dir='ltr'>disputandum</span> <span class='ocrx_word' id='word_1_70' title='bbox 644 1399 782 1463; x_wconf 91' lang='lat' dir='ltr'>arbitror.</span> <span class='ocrx_word' id='word_1_71' title='bbox 827 1399 926 1465; x_wconf 87' lang='lat' dir='ltr'>Locus</span> <span class='ocrx_word' id='word_1_72' title='bbox 950 1400 1029 1462; x_wconf 90' lang='lat' dir='ltr'>enim</span> <span class='ocrx_word' id='word_1_73' title='bbox 1051 1404 1216 1482; x_wconf 91' lang='lat' dir='ltr'>oportunus</span> <span class='ocrx_word' id='word_1_74' title='bbox 1240 1404 1295 1478; x_wconf 91' lang='lat' dir='ltr'>est,</span> 
     </span>
    </p>
   </div>
   <div class='ocr_carea' id='block_1_5' title="bbox 198 1511 1297 1690">
    <p class='ocr_par' dir='ltr' id='par_1_6' title="bbox 198 1511 1297 1690">
     <span class='ocr_line' id='line_1_11' title="bbox 198 1511 1297 1596; baseline 0 -20"><span class='ocrx_word' id='word_1_75' title='bbox 198 1513 282 1576; x_wconf 87' lang='lat' dir='ltr'>utin</span> <span class='ocrx_word' id='word_1_76' title='bbox 304 1511 437 1594; x_wconf 84' lang='lat' dir='ltr'>partibus</span> <span class='ocrx_word' id='word_1_77' title='bbox 459 1514 671 1595; x_wconf 81' lang='lat' dir='ltr'>temperantiae</span> <span class='ocrx_word' id='word_1_78' title='bbox 695 1513 825 1579; x_wconf 84' lang='lat' dir='ltr'>dieamus</span> <span class='ocrx_word' id='word_1_79' title='bbox 849 1513 1096 1596; x_wconf 89' lang='lat' dir='ltr'>quemadmodum</span> <span class='ocrx_word' id='word_1_80' title='bbox 1118 1514 1297 1596; x_wconf 90' lang='lat' dir='ltr'>reprimatur</span> 
     </span>
     <span class='ocr_line' id='line_1_12' title="bbox 198 1624 359 1690; baseline 0 -2"><span class='ocrx_word' id='word_1_81' title='bbox 198 1624 359 1690; x_wconf 89' lang='lat' dir='ltr'>iracundia.</span> 
     </span>
    </p>
   </div>
   <div class='ocr_carea' id='block_1_6' title="bbox 567 1832 931 1901">
    <p class='ocr_par' dir='ltr' id='par_1_7' title="bbox 567 1832 931 1901">
     <span class='ocr_line' id='line_1_13' title="bbox 567 1832 931 1901; baseline -0.005 0"><span class='ocrx_word' id='word_1_82' title='bbox 567 1833 740 1901; x_wconf 81' lang='lat' dir='ltr'><strong>CAPUT</strong></span> <span class='ocrx_word' id='word_1_83' title='bbox 775 1832 931 1900; x_wconf 86' lang='lat' dir='ltr'><strong>XLVIII.</strong></span> 
     </span>
    </p>
   </div>
   <div class='ocr_carea' id='block_1_7' title="bbox 202 1977 1299 2070">
    <p class='ocr_par' dir='ltr' id='par_1_8' title="bbox 202 1977 1299 2070">
     <span class='ocr_line' id='line_1_14' title="bbox 202 1977 1299 2070; baseline -0.001 -16"><span class='ocrx_word' id='word_1_84' title='bbox 202 1999 323 2069; x_wconf 82' lang='lat' dir='ltr'>Repetite</span> <span class='ocrx_word' id='word_1_85' title='bbox 344 1999 546 2070; x_wconf 86' lang='lat' dir='ltr'>compescendae</span> <span class='ocrx_word' id='word_1_86' title='bbox 564 1997 712 2051; x_wconf 87' lang='lat' dir='ltr'>iracundiae</span> <span class='ocrx_word' id='word_1_87' title='bbox 730 2006 880 2068; x_wconf 78' lang='lat' dir='ltr'>argumento</span> <span class='ocrx_word' id='word_1_88' title='bbox 895 2006 948 2050; x_wconf 84' lang='lat' dir='ltr'>tres</span> <span class='ocrx_word' id='word_1_89' title='bbox 965 2011 1062 2064; x_wconf 90' lang='lat' dir='ltr'>eorum,</span> <span class='ocrx_word' id='word_1_90' title='bbox 1081 1999 1123 2068; x_wconf 90' lang='lat' dir='ltr'>qui</span> <span class='ocrx_word' id='word_1_91' title='bbox 1141 1977 1299 2053; x_wconf 77' lang='lat' dir='ltr'>lacessuntur</span> 
     </span>
    </p>
   </div>
   <div class='ocr_carea' id='block_1_8' title="bbox 201 2083 1299 2318">
    <p class='ocr_par' dir='ltr' id='par_1_9' title="bbox 201 2083 1299 2318">
     <span class='ocr_line' id='line_1_15' title="bbox 201 2083 1299 2158; baseline 0 -18"><span class='ocrx_word' id='word_1_92' title='bbox 201 2090 319 2156; x_wconf 84' lang='lat' dir='ltr'>iniuriis,</span> <span class='ocrx_word' id='word_1_93' title='bbox 350 2089 453 2144; x_wconf 86' lang='lat' dir='ltr'>ordines</span> <span class='ocrx_word' id='word_1_94' title='bbox 478 2088 649 2158; x_wconf 85' lang='lat' dir='ltr'>explicantur,</span> <span class='ocrx_word' id='word_1_95' title='bbox 677 2085 709 2138; x_wconf 90' lang='lat' dir='ltr'>ad</span> <span class='ocrx_word' id='word_1_96' title='bbox 736 2101 842 2155; x_wconf 86' lang='lat' dir='ltr'>quorum</span> <span class='ocrx_word' id='word_1_97' title='bbox 870 2083 1083 2154; x_wconf 81' lang='lat' dir='ltr'>perfectissimum</span> <span class='ocrx_word' id='word_1_98' title='bbox 1109 2086 1240 2154; x_wconf 81' lang='lat' dir='ltr'>apostolus</span> <span class='ocrx_word' id='word_1_99' title='bbox 1267 2104 1299 2140; x_wconf 88' lang='lat' dir='ltr'>ao</span> 
     </span>
     <span class='ocr_line' id='line_1_16' title="bbox 201 2172 1299 2245; baseline 0 -17"><span class='ocrx_word' id='word_1_100' title='bbox 201 2175 283 2230; x_wconf 82' lang='lat' dir='ltr'>David</span> <span class='ocrx_word' id='word_1_101' title='bbox 301 2176 418 2230; x_wconf 86' lang='lat' dir='ltr'>dieuntnr</span> <span class='ocrx_word' id='word_1_102' title='bbox 448 2177 612 2245; x_wconf 60' lang='lat' dir='ltr'>pervenirem</span> <span class='ocrx_word' id='word_1_103' title='bbox 640 2174 683 2226; x_wconf 87' lang='lat' dir='ltr'>uhi</span> <span class='ocrx_word' id='word_1_104' title='bbox 702 2191 733 2228; x_wconf 85' lang='lat' dir='ltr'>ex</span> <span class='ocrx_word' id='word_1_105' title='bbox 752 2175 887 2228; x_wconf 85' lang='lat' dir='ltr'>occasione</span> <span class='ocrx_word' id='word_1_106' title='bbox 915 2172 1041 2242; x_wconf 87' lang='lat' dir='ltr'>quaedam</span> <span class='ocrx_word' id='word_1_107' title='bbox 1059 2172 1133 2226; x_wconf 78' lang='lat' dir='ltr'>huius</span> <span class='ocrx_word' id='word_1_108' title='bbox 1150 2190 1181 2226; x_wconf 87' lang='lat' dir='ltr'>ae</span> <span class='ocrx_word' id='word_1_109' title='bbox 1199 2174 1299 2229; x_wconf 82' lang='lat' dir='ltr'>futurae</span> 
     </span>
     <span class='ocr_line' id='line_1_17' title="bbox 553 2262 944 2318; baseline -0.005 -2"><span class='ocrx_word' id='word_1_110' title='bbox 553 2267 624 2318; x_wconf 85' lang='lat' dir='ltr'>vitae</span> <span class='ocrx_word' id='word_1_111' title='bbox 643 2263 774 2316; x_wconf 81' lang='lat' dir='ltr'>tradumur</span> <span class='ocrx_word' id='word_1_112' title='bbox 792 2262 944 2315; x_wconf 82' lang='lat' dir='ltr'>discrimina.</span> 
     </span>
    </p>
   </div>
   <div class='ocr_carea' id='block_1_9' title="bbox 204 2423 1339 4248">
    <p class='ocr_par' dir='ltr' id='par_1_10' title="bbox 204 2423 1300 3655">
     <span class='ocr_line' id='line_1_18' title="bbox 290 2423 1299 2509; baseline -0.006 -18"><span class='ocrx_word' id='word_1_113' title='bbox 290 2424 363 2491; x_wconf 80' lang='lat'>233.</span> <span class='ocrx_word' id='word_1_114' title='bbox 409 2427 478 2489; x_wconf 86' lang='lat' dir='ltr'>Tria</span> <span class='ocrx_word' id='word_1_115' title='bbox 507 2426 613 2506; x_wconf 89' lang='lat' dir='ltr'>itaque</span> <span class='ocrx_word' id='word_1_116' title='bbox 636 2443 750 2509; x_wconf 85' lang='lat' dir='ltr'>genera</span> <span class='ocrx_word' id='word_1_117' title='bbox 780 2440 849 2487; x_wconf 89' lang='lat' dir='ltr'>esse</span> <span class='ocrx_word' id='word_1_118' title='bbox 877 2423 1028 2486; x_wconf 90' lang='lat' dir='ltr'>hominum</span> <span class='ocrx_word' id='word_1_119' title='bbox 1058 2423 1194 2485; x_wconf 91' lang='lat' dir='ltr'>iniuriam</span> <span class='ocrx_word' id='word_1_120' title='bbox 1216 2423 1299 2488; x_wconf 89' lang='lat' dir='ltr'>aeci-</span> 
     </span>
     <span class='ocr_line' id='line_1_19' title="bbox 204 2534 1300 2622; baseline 0 -20"><span class='ocrx_word' id='word_1_121' title='bbox 204 2538 346 2622; x_wconf 87' lang='lat' dir='ltr'>pientium</span> <span class='ocrx_word' id='word_1_122' title='bbox 369 2541 399 2601; x_wconf 90' lang='lat' dir='ltr'>in</span> <span class='ocrx_word' id='word_1_123' title='bbox 428 2537 583 2619; x_wconf 91' lang='lat' dir='ltr'>seripturis</span> <span class='ocrx_word' id='word_1_124' title='bbox 614 2537 720 2600; x_wconf 87' lang='lat' dir='ltr'>divinis</span> <span class='ocrx_word' id='word_1_125' title='bbox 751 2534 957 2599; x_wconf 87' lang='lat' dir='ltr'>demonstrare</span> <span class='ocrx_word' id='word_1_126' title='bbox 986 2534 1141 2618; x_wconf 84' lang='lat' dir='ltr'>volumus,</span> <span class='ocrx_word' id='word_1_127' title='bbox 1174 2539 1200 2601; x_wconf 91' lang='lat' dir='ltr'>si</span> <span class='ocrx_word' id='word_1_128' title='bbox 1223 2555 1300 2621; x_wconf 91' lang='lat' dir='ltr'>pos-</span> 
     </span>
     <span class='ocr_line' id='line_1_20' title="bbox 205 2642 1298 2736; baseline 0.002 -19"><span class='ocrx_word' id='word_1_129' title='bbox 205 2670 315 2718; x_wconf 90' lang='lat' dir='ltr'>sumus.</span> <span class='ocrx_word' id='word_1_130' title='bbox 353 2651 448 2715; x_wconf 90' lang='lat' dir='ltr'>Unum</span> <span class='ocrx_word' id='word_1_131' title='bbox 471 2657 517 2714; x_wconf 82' lang='lat' dir='ltr'>est</span> <span class='ocrx_word' id='word_1_132' title='bbox 540 2669 654 2731; x_wconf 89' lang='lat' dir='ltr'>eorum,</span> <span class='ocrx_word' id='word_1_133' title='bbox 679 2651 785 2731; x_wconf 90' lang='lat' dir='ltr'>quibus</span> <span class='ocrx_word' id='word_1_134' title='bbox 801 2655 944 2732; x_wconf 88' lang='lat' dir='ltr'>peccator</span> <span class='ocrx_word' id='word_1_135' title='bbox 959 2648 1087 2730; x_wconf 91' lang='lat' dir='ltr'>insultat,</span> <span class='ocrx_word' id='word_1_136' title='bbox 1111 2642 1298 2736; x_wconf 79' lang='lat' dir='ltr'>convitiatur,</span> 
     </span>
     <span class='ocr_line' id='line_1_21' title="bbox 205 2762 1298 2850; baseline 0.002 -18"><span class='ocrx_word' id='word_1_137' title='bbox 205 2768 357 2850; x_wconf 82' lang='lat' dir='ltr'>inequitat</span> <span class='ocrx_word' id='word_1_138' title='bbox 401 2765 440 2828; x_wconf 91' lang='lat' dir='ltr'>lis</span> <span class='ocrx_word' id='word_1_139' title='bbox 462 2765 532 2845; x_wconf 93' lang='lat' dir='ltr'>quia</span> <span class='ocrx_word' id='word_1_140' title='bbox 555 2764 640 2828; x_wconf 92' lang='lat' dir='ltr'>deest</span> <span class='ocrx_word' id='word_1_141' title='bbox 662 2764 781 2845; x_wconf 84' lang='lat' dir='ltr'>iustitia,</span> <span class='ocrx_word' id='word_1_142' title='bbox 804 2762 901 2847; x_wconf 93' lang='lat' dir='ltr'>pudor</span> <span class='ocrx_word' id='word_1_143' title='bbox 920 2763 1038 2843; x_wconf 90' lang='lat' dir='ltr'>erescit,</span> <span class='ocrx_word' id='word_1_144' title='bbox 1061 2773 1188 2848; x_wconf 77' lang='lat' dir='ltr'>augetur</span> <span class='ocrx_word' id='word_1_145' title='bbox 1202 2768 1298 2834; x_wconf 90' lang='lat' dir='ltr'>dolor.</span> 
     </span>
     <span class='ocr_line' id='line_1_22' title="bbox 205 2876 1299 2961; baseline 0.005 -16"><span class='ocrx_word' id='word_1_146' title='bbox 205 2881 321 2945; x_wconf 89' lang='lat' dir='ltr'>llorum</span> <span class='ocrx_word' id='word_1_147' title='bbox 343 2881 454 2944; x_wconf 89' lang='lat' dir='ltr'>similes</span> <span class='ocrx_word' id='word_1_148' title='bbox 475 2877 592 2961; x_wconf 90' lang='lat' dir='ltr'>plurimi</span> <span class='ocrx_word' id='word_1_149' title='bbox 615 2878 653 2942; x_wconf 92' lang='lat' dir='ltr'>de</span> <span class='ocrx_word' id='word_1_150' title='bbox 675 2896 742 2942; x_wconf 91' lang='lat' dir='ltr'>meo</span> <span class='ocrx_word' id='word_1_151' title='bbox 766 2877 882 2958; x_wconf 91' lang='lat' dir='ltr'>ordine,</span> <span class='ocrx_word' id='word_1_152' title='bbox 906 2876 944 2940; x_wconf 89' lang='lat' dir='ltr'>de</span> <span class='ocrx_word' id='word_1_153' title='bbox 964 2894 1032 2940; x_wconf 90' lang='lat' dir='ltr'>meo</span> <span class='ocrx_word' id='word_1_154' title='bbox 1048 2897 1181 2946; x_wconf 88' lang='lat' dir='ltr'>numero.</span> <span class='ocrx_word' id='word_1_155' title='bbox 1225 2885 1299 2950; x_wconf 90' lang='lat' dir='ltr'>Nam</span> 
     </span>
     <span class='ocr_line' id='line_1_23' title="bbox 205 2992 1299 3080; baseline 0.005 -22"><span class='ocrx_word' id='word_1_156' title='bbox 205 2995 275 3058; x_wconf 90' lang='lat' dir='ltr'>mihi</span> <span class='ocrx_word' id='word_1_157' title='bbox 304 2994 419 3058; x_wconf 89' lang='lat' dir='ltr'>infirmo</span> <span class='ocrx_word' id='word_1_158' title='bbox 448 2994 475 3058; x_wconf 96' lang='lat' dir='ltr'>si</span> <span class='ocrx_word' id='word_1_159' title='bbox 503 2995 569 3075; x_wconf 89' lang='lat' dir='ltr'>quis</span> <span class='ocrx_word' id='word_1_160' title='bbox 597 2994 732 3058; x_wconf 91' lang='lat' dir='ltr'>iniuriam</span> <span class='ocrx_word' id='word_1_161' title='bbox 760 2994 864 3075; x_wconf 87' lang='lat' dir='ltr'>iaciat,</span> <span class='ocrx_word' id='word_1_162' title='bbox 896 2992 1037 3073; x_wconf 80' lang='lat' dir='ltr'>forsitan,</span> <span class='ocrx_word' id='word_1_163' title='bbox 1067 2994 1136 3058; x_wconf 89' lang='lat' dir='ltr'>lieet</span> <span class='ocrx_word' id='word_1_164' title='bbox 1157 2996 1299 3080; x_wconf 86' lang='lat' dir='ltr'>infirmus,</span> 
     </span>
     <span class='ocr_line' id='line_1_24' title="bbox 206 3109 1299 3196; baseline 0.005 -22"><span class='ocrx_word' id='word_1_165' title='bbox 206 3110 315 3180; x_wconf 90' lang='lat' dir='ltr'>donem</span> <span class='ocrx_word' id='word_1_166' title='bbox 344 3109 481 3172; x_wconf 88' lang='lat' dir='ltr'>iniuriam</span> <span class='ocrx_word' id='word_1_167' title='bbox 509 3126 613 3172; x_wconf 87' lang='lat' dir='ltr'>meam.</span> <span class='ocrx_word' id='word_1_168' title='bbox 658 3109 690 3175; x_wconf 86' lang='lat' dir='ltr'>si</span> <span class='ocrx_word' id='word_1_169' title='bbox 720 3111 833 3174; x_wconf 88' lang='lat' dir='ltr'>crimen</span> <span class='ocrx_word' id='word_1_170' title='bbox 864 3109 989 3188; x_wconf 82' lang='lat' dir='ltr'>obiciat,</span> <span class='ocrx_word' id='word_1_171' title='bbox 1019 3125 1080 3172; x_wconf 92' lang='lat' dir='ltr'>non</span> <span class='ocrx_word' id='word_1_172' title='bbox 1103 3128 1169 3174; x_wconf 93' lang='lat' dir='ltr'>sum</span> <span class='ocrx_word' id='word_1_173' title='bbox 1191 3119 1299 3196; x_wconf 85' lang='lat' dir='ltr'>tantus,</span> 
     </span>
     <span class='ocr_line' id='line_1_25' title="bbox 205 3223 1300 3303; baseline 0 -13"><span class='ocrx_word' id='word_1_174' title='bbox 205 3230 238 3290; x_wconf 93' lang='lat' dir='ltr'>ut</span> <span class='ocrx_word' id='word_1_175' title='bbox 260 3224 316 3288; x_wconf 92' lang='lat' dir='ltr'>sim</span> <span class='ocrx_word' id='word_1_176' title='bbox 338 3229 494 3290; x_wconf 86' lang='lat' dir='ltr'>contentus</span> <span class='ocrx_word' id='word_1_177' title='bbox 522 3223 704 3287; x_wconf 86' lang='lat' dir='ltr'>conscientia</span> <span class='ocrx_word' id='word_1_178' title='bbox 731 3242 815 3303; x_wconf 91' lang='lat' dir='ltr'>mea,</span> <span class='ocrx_word' id='word_1_179' title='bbox 849 3223 936 3287; x_wconf 90' lang='lat' dir='ltr'>etiam</span> <span class='ocrx_word' id='word_1_180' title='bbox 965 3224 990 3286; x_wconf 87' lang='lat' dir='ltr'>si</span> <span class='ocrx_word' id='word_1_181' title='bbox 1018 3241 1067 3285; x_wconf 89' lang='lat' dir='ltr'>me</span> <span class='ocrx_word' id='word_1_182' title='bbox 1097 3225 1161 3288; x_wconf 91' lang='lat' dir='ltr'>eius</span> <span class='ocrx_word' id='word_1_183' title='bbox 1192 3227 1300 3291; x_wconf 82' lang='lat' dir='ltr'>obiecti</span> 
     </span>
     <span class='ocr_line' id='line_1_26' title="bbox 206 3336 1300 3422; baseline 0.002 -18"><span class='ocrx_word' id='word_1_184' title='bbox 206 3339 335 3404; x_wconf 84' lang='lat' dir='ltr'>alienum</span> <span class='ocrx_word' id='word_1_185' title='bbox 356 3339 511 3418; x_wconf 80' lang='lat' dir='ltr'>noverim3</span> <span class='ocrx_word' id='word_1_186' title='bbox 543 3338 597 3402; x_wconf 91' lang='lat' dir='ltr'>sed</span> <span class='ocrx_word' id='word_1_187' title='bbox 628 3339 715 3421; x_wconf 93' lang='lat' dir='ltr'>eupio</span> <span class='ocrx_word' id='word_1_188' title='bbox 747 3339 869 3402; x_wconf 89' lang='lat' dir='ltr'>abluere</span> <span class='ocrx_word' id='word_1_189' title='bbox 898 3336 1021 3422; x_wconf 81' lang='lat' dir='ltr'>ingenui</span> <span class='ocrx_word' id='word_1_190' title='bbox 1049 3339 1171 3422; x_wconf 89' lang='lat' dir='ltr'>pudoris</span> <span class='ocrx_word' id='word_1_191' title='bbox 1200 3348 1300 3406; x_wconf 87' lang='lat' dir='ltr'>notam</span> 
     </span>
     <span class='ocr_line' id='line_1_27' title="bbox 206 3452 1299 3539; baseline 0 -19"><span class='ocrx_word' id='word_1_192' title='bbox 206 3461 353 3537; x_wconf 63' lang='lat' dir='ltr'>umquam</span> <span class='ocrx_word' id='word_1_193' title='bbox 383 3453 524 3518; x_wconf 86' lang='lat' dir='ltr'>infirmus.</span> <span class='ocrx_word' id='word_1_194' title='bbox 568 3454 650 3538; x_wconf 76' lang='lat' dir='ltr'>Ergo</span> <span class='ocrx_word' id='word_1_195' title='bbox 681 3455 799 3520; x_wconf 90' lang='lat' dir='ltr'>oculum</span> <span class='ocrx_word' id='word_1_196' title='bbox 831 3472 887 3536; x_wconf 91' lang='lat' dir='ltr'>pro</span> <span class='ocrx_word' id='word_1_197' title='bbox 916 3453 1005 3518; x_wconf 90' lang='lat' dir='ltr'>oculo</span> <span class='ocrx_word' id='word_1_198' title='bbox 1035 3460 1066 3518; x_wconf 82' lang='lat' dir='ltr'>et</span> <span class='ocrx_word' id='word_1_199' title='bbox 1098 3452 1215 3520; x_wconf 90' lang='lat' dir='ltr'>dentem</span> <span class='ocrx_word' id='word_1_200' title='bbox 1243 3474 1299 3539; x_wconf 91' lang='lat' dir='ltr'>pro</span> 
     </span>
     <span class='ocr_line' id='line_1_28' title="bbox 208 3568 967 3655; baseline -0.001 -21"><span class='ocrx_word' id='word_1_201' title='bbox 208 3568 297 3634; x_wconf 88' lang='lat' dir='ltr'>dente</span> <span class='ocrx_word' id='word_1_202' title='bbox 319 3571 411 3655; x_wconf 84' lang='lat' dir='ltr'>exigo</span> <span class='ocrx_word' id='word_1_203' title='bbox 435 3576 464 3633; x_wconf 84' lang='lat' dir='ltr'>et</span> <span class='ocrx_word' id='word_1_204' title='bbox 487 3570 647 3634; x_wconf 84' lang='lat' dir='ltr'>convitium</span> <span class='ocrx_word' id='word_1_205' title='bbox 669 3570 799 3634; x_wconf 89' lang='lat' dir='ltr'>convitio</span> <span class='ocrx_word' id='word_1_206' title='bbox 823 3569 967 3651; x_wconf 84' lang='lat' dir='ltr'>rependo.</span> 
     </span>
    </p>

    <p class='ocr_par' dir='ltr' id='par_1_11' title="bbox 208 3681 1339 4111">
     <span class='ocr_line' id='line_1_29' title="bbox 295 3681 1339 3768; baseline -0.003 -18"><span class='ocrx_word' id='word_1_207' title='bbox 295 3682 368 3750; x_wconf 78' lang='grc'><strong>234.</strong></span> <span class='ocrx_word' id='word_1_208' title='bbox 414 3684 541 3750; x_wconf 82' lang='lat' dir='ltr'>sivero</span> <span class='ocrx_word' id='word_1_209' title='bbox 564 3684 589 3747; x_wconf 87' lang='lat' dir='ltr'>is</span> <span class='ocrx_word' id='word_1_210' title='bbox 612 3703 695 3764; x_wconf 91' lang='lat' dir='ltr'>sum,</span> <span class='ocrx_word' id='word_1_211' title='bbox 728 3685 778 3766; x_wconf 93' lang='lat' dir='ltr'>qui</span> <span class='ocrx_word' id='word_1_212' title='bbox 800 3683 969 3766; x_wconf 84' lang='lat' dir='ltr'>proficiam,</span> <span class='ocrx_word' id='word_1_213' title='bbox 993 3685 1048 3746; x_wconf 93' lang='lat' dir='ltr'>etsi</span> <span class='ocrx_word' id='word_1_214' title='bbox 1070 3681 1202 3748; x_wconf 90' lang='lat' dir='ltr'>nondum</span> <span class='ocrx_word' id='word_1_215' title='bbox 1224 3704 1300 3768; x_wconf 90' lang='lat' dir='ltr'>per·</span> <span class='ocrx_word' id='word_1_216' title='bbox 1336 3683 1339 3689; x_wconf 82' lang='lat'>&#39;</span> 
     </span>
     <span class='ocr_line' id='line_1_30' title="bbox 208 3796 1299 3879; baseline 0 -15"><span class='ocrx_word' id='word_1_217' title='bbox 208 3799 321 3879; x_wconf 87' lang='lat' dir='ltr'>fectus,</span> <span class='ocrx_word' id='word_1_218' title='bbox 345 3817 405 3862; x_wconf 92' lang='lat' dir='ltr'>non</span> <span class='ocrx_word' id='word_1_219' title='bbox 427 3804 591 3879; x_wconf 89' lang='lat' dir='ltr'>retorqueo</span> <span class='ocrx_word' id='word_1_220' title='bbox 614 3799 840 3876; x_wconf 67' lang='lat' dir='ltr'>contumeliam</span> <span class='ocrx_word' id='word_1_221' title='bbox 867 3805 898 3861; x_wconf 95' lang='lat' dir='ltr'>et</span> <span class='ocrx_word' id='word_1_222' title='bbox 919 3799 944 3861; x_wconf 90' lang='lat' dir='ltr'>si</span> <span class='ocrx_word' id='word_1_223' title='bbox 966 3796 1068 3862; x_wconf 85' lang='lat' dir='ltr'>influat</span> <span class='ocrx_word' id='word_1_224' title='bbox 1089 3798 1140 3864; x_wconf 93' lang='lat' dir='ltr'>ille</span> <span class='ocrx_word' id='word_1_225' title='bbox 1164 3800 1299 3864; x_wconf 88' lang='lat' dir='ltr'>convitiis</span> 
     </span>
     <span class='ocr_line' id='line_1_31' title="bbox 209 3913 1299 3995; baseline -0.001 -18"><span class='ocrx_word' id='word_1_226' title='bbox 209 3920 239 3978; x_wconf 91' lang='lat' dir='ltr'>et</span> <span class='ocrx_word' id='word_1_227' title='bbox 267 3913 389 3977; x_wconf 89' lang='lat' dir='ltr'>inundet</span> <span class='ocrx_word' id='word_1_228' title='bbox 417 3931 507 3977; x_wconf 91' lang='lat' dir='ltr'>aures</span> <span class='ocrx_word' id='word_1_229' title='bbox 537 3931 619 3978; x_wconf 88' lang='lat' dir='ltr'>meas</span> <span class='ocrx_word' id='word_1_230' title='bbox 646 3913 850 3994; x_wconf 90' lang='lat' dir='ltr'>contumeliis,</span> <span class='ocrx_word' id='word_1_231' title='bbox 882 3929 941 3995; x_wconf 83' lang='lat' dir='ltr'>ego</span> <span class='ocrx_word' id='word_1_232' title='bbox 971 3918 1058 3976; x_wconf 88' lang='lat' dir='ltr'>taceo</span> <span class='ocrx_word' id='word_1_233' title='bbox 1087 3917 1118 3976; x_wconf 88' lang='lat' dir='ltr'>et</span> <span class='ocrx_word' id='word_1_234' title='bbox 1144 3913 1217 3976; x_wconf 89' lang='lat' dir='ltr'>nihil</span> <span class='ocrx_word' id='word_1_235' title='bbox 1244 3931 1299 3976; x_wconf 93' lang='lat' dir='ltr'>re-</span> 
     </span>
     <span class='ocr_line' id='line_1_32' title="bbox 209 4027 355 4111; baseline -0.021 -18"><span class='ocrx_word' id='word_1_236' title='bbox 209 4027 355 4111; x_wconf 90' lang='lat' dir='ltr'>spondeo.</span> 
     </span>
    </p>

    <p class='ocr_par' dir='ltr' id='par_1_12' title="bbox 297 4135 1300 4248">
     <span class='ocr_line' id='line_1_33' title="bbox 297 4135 1300 4248; baseline -0.003 -40"><span class='ocrx_word' id='word_1_237' title='bbox 297 4139 369 4208; x_wconf 86' lang='lat'>235.</span> <span class='ocrx_word' id='word_1_238' title='bbox 403 4140 447 4208; x_wconf 54' lang='lat' dir='ltr'>‘si</span> <span class='ocrx_word' id='word_1_239' title='bbox 474 4158 548 4207; x_wconf 85' lang='lat' dir='ltr'>vero</span> <span class='ocrx_word' id='word_1_240' title='bbox 577 4139 729 4224; x_wconf 87' lang='lat' dir='ltr'>perlectus</span> <span class='ocrx_word' id='word_1_241' title='bbox 744 4139 808 4248; x_wconf 41' lang='lat' dir='ltr'>&#39;sim</span> <span class='ocrx_word' id='word_1_242' title='bbox 830 4135 936 4224; x_wconf 84' lang='lat' dir='ltr'>(uerbi</span> <span class='ocrx_word' id='word_1_243' title='bbox 957 4139 1054 4223; x_wconf 77' lang='lat' dir='ltr'>qratia</span> <span class='ocrx_word' id='word_1_244' title='bbox 1074 4138 1184 4222; x_wconf 93' lang='lat' dir='ltr'>loquor</span> <span class='ocrx_word' id='word_1_245' title='bbox 1191 4160 1202 4220; x_wconf 71' lang='grc' dir='ltr'><strong><em>ς</em></strong></span> <span class='ocrx_word' id='word_1_246' title='bbox 1232 4157 1300 4206; x_wconf 88' lang='lat' dir='ltr'>nam</span> 
     </span>
    </p>
   </div>
   <div class='ocr_carea' id='block_1_10' title="bbox 0 0 1507 4706">
    <p class='ocr_par' dir='ltr' id='par_1_13' title="bbox 0 0 1507 4706">
     <span class='ocr_line' id='line_1_34' title="bbox 0 0 1507 4706; baseline 0 0"><span class='ocrx_word' id='word_1_247' title='bbox 0 0 1507 4706; x_wconf 95' lang='lat' dir='ltr'> </span> 
     </span>
    </p>
   </div>
  </div>
 </body>
</html>
