2976 4706
233 356 297 424 180
362 441 365 448 .
678 357 704 414 S.
722 357 877 415 nnuaosn

230 518 295 583 aliis
326 518 470 602 consulit,
504 521 582 586 sieut
603 521 714 603 iustus,
748 523 866 604 quando
899 523 1018 606 quidem
1047 533 1173 592 consors
1202 528 1248 592 sni
1275 533 1321 592 est

229 635 382 720 utriusque
405 635 500 701 forma
521 636 645 702 virtutis.

637 846 809 915 CAPUT
843 849 901 914 111.

224 1001 391 1056 Praemissum
411 998 444 1050 de
462 1014 513 1050 non
535 995 682 1066 quaerendo
707 997 808 1066 proprio
833 996 1003 1049 emolumento
1027 1007 1191 1066 praeceptum
1214 1011 1318 1072 urgetur

224 1092 329 1160 primum
348 1105 362 1140 a
381 1085 474 1139 Christi
491 1083 626 1153 exemplo,
652 1092 702 1136 tum
721 1084 753 1136 ab
772 1086 981 1153 interpretatione
1004 1088 1127 1150 nominis,
1156 1088 1266 1159 denique
1284 1091 1315 1144 ah

223 1180 277 1248 ipsa
302 1175 470 1230 membrorum
497 1173 578 1224 forma
600 1180 626 1224 ot
646 1173 740 1225 usibus.
777 1171 850 1225 Unde
878 1174 988 1226 ostendit
1014 1190 1088 1244 quarn
1114 1174 1266 1248 flagitiosum
1284 1181 1316 1232 sit

223 1265 322 1319 alienae
339 1263 438 1315 utilitati
458 1261 603 1325 detrahere,
625 1276 682 1312 eum
693 1259 749 1312 'hoc
766 1259 866 1312 scelere
887 1261 1005 1313 naturalis
1023 1262 1063 1314 len
1082 1279 1163 1333 aeque
1182 1281 1213 1316 ae
1231 1267 1314 1318 divina

128 1395 130 1400 .
221 1354 332 1408 violetur
349 1360 425 1420 atque
441 1351 544 1418 iusuper
563 1348 625 1400 illud
653 1349 795 1414 amittatur,
823 1365 874 1418 qno
901 1358 1057 1418 praestamus
1083 1353 1174 1404 ceteris
1199 1355 1314 1405 animan-

256 1441 339 1508 tibus,
365 1438 396 1492 ad
414 1447 567 1508 postremum
585 1436 656 1506 leges
675 1436 762 1489 civiles
781 1453 838 1489 eum
855 1453 953 1490 summa
970 1438 1072 1490 infamia
1091 1440 1278 1495 conculcentur.

311 1561 359 1629 15.
405 1563 436 1629 Si
469 1564 534 1644 quis
567 1563 657 1644 igitur
692 1562 753 1626 vult
786 1562 906 1644 plaeere
940 1565 1091 1646 omnihus,
1126 1586 1180 1649 per
1214 1568 1312 1631 omnia

221 1685 343 1762 quaerat
362 1696 422 1741 non
443 1675 523 1758 quod
546 1677 601 1738 sihi
623 1676 710 1756 utile,
733 1676 787 1740 sed
811 1677 890 1760 quod
914 1680 1028 1759 multis,
1051 1681 1128 1743 sieut
1150 1681 1312 1763 quaerebat

219 1801 250 1857 et
271 1792 386 1856 Paulus.
432 1791 496 1853 Hoc
530 1795 576 1852 est
606 1789 684 1852 enim
716 1765 897 1854 conformari
921 1792 1055 1856 christo:
1091 1793 1216 1857 alienum
1250 1813 1311 1859 non

219 1923 385 1990 quaerere,
415 1902 486 1966 nihil
517 1902 602 1966 alteri
632 1902 809 1986 detrahere,
841 1911 873 1968 ut
902 1904 1037 1988 adquirat
1066 1908 1130 1971 sibi.
1176 1907 1309 1972 Christus

217 2023 294 2090 enim
325 2019 460 2084 dominus
489 2035 555 2080 cum
579 2023 660 2080 esset
680 2017 711 2079 in
733 2017 781 2080 dei
805 2016 916 2098 forma,
933 2017 964 2103 ¹)
1000 2021 1162 2084 exinanivit
1190 2039 1243 2102 se,
1277 2028 1310 2084 ut

216 2136 340 2201 formam
363 2134 531 2222 susciperet
551 2131 695 2210 hominis,
718 2149 805 2213 mam
827 2150 951 2214 operum
971 2149 1092 2198 suorum
1114 2135 1308 2217 locupletaret

214 2250 377 2314 virtutihus.
422 2249 467 2312 Tu
490 2229 565 2331 ergo
586 2247 696 2329 spolias
727 2266 814 2328 quem
839 2247 972 2312 Christus
996 2247 1112 2312 induit?
1150 2250 1194 2313 Tu
1222 2251 1307 2314 exuis

213 2385 301 2447 quem
322 2363 443 2428 vestivit
465 2361 625 2425 Christus?
669 2361 733 2426 lluo
756 2363 833 2426 enim
856 2363 937 2445 agis,
964 2362 1082 2444 quando
1105 2363 1225 2427 alterius
1247 2362 1306 2428 de-

212 2479 350 2543 trimento
372 2483 422 2540 tua
444 2476 599 2540 commoda
621 2495 735 2560 augere
758 2478 882 2558 expetis.

303 2590 350 2656 16.
397 2590 578 2669 considera,
613 2608 632 2652 o
662 2590 767 2670 homo,
801 2591 881 2654 unde
913 2611 1022 2681 nomen
1055 2591 1234 2674 sumpseris;
1268 2592 1304 2655 ab

210 2707 441 2788 humentique,
474 2723 551 2786 quae
573 2704 645 2767 nihil
671 2706 806 2787 cuiquam
830 2706 930 2789 eripit,
964 2707 1019 2772 sed
1051 2708 1147 2772 omnia
1178 2707 1304 2792 largitur
1336 2742 1338 2750 ‚

210 2823 346 2888 omnibus
369 2827 399 2885 et
421 2819 557 2883 diversos
579 2819 610 2881 in
631 2836 718 2882 usum
740 2819 869 2883 omnium
895 2807 1083 2885 animantium
1107 2821 1220 2886 fructus
1243 2820 1303 2883 mi-

209 2929 321 3000 nistret.
364 2933 435 2997 lnde
458 2934 602 3017 appellata
623 2934 789 2998 humanitas
811 2934 950 3018 specialis
973 2941 1002 2999 et
1025 2937 1187 3001 domestica
1209 2937 1302 3000 virtus

208 3050 354 3128 hominis,
377 3066 453 3130 quse
477 3054 647 3114 consortem
670 3049 797 3114 adiuvet

296 3161 345 3227 17.
388 3161 455 3246 lpse
484 3166 513 3224 te
545 3159 652 3224 doceat
681 3160 777 3226 forma
809 3163 851 3225 tui
876 3163 1012 3246 eorporis
1043 3162 1300 3242 membrorumque

207 3259 303 3346 usus(
333 3274 480 3358 Numquid
514 3276 676 3339 membrum
703 3282 783 3340 tuum
812 3277 933 3341 alterins
964 3271 1087 3342 membri
1118 3275 1214 3340 oilieia
1245 3274 1301 3338 sibi
1356 3335 1364 3352 ,

206 3391 354 3470 vindieat,
386 3395 435 3453 aut
457 3388 561 3453 oculos
592 3389 721 3454 oliieiurn
753 3391 830 3470 oris,
861 3397 911 3454 eut
934 3409 969 3455 os
993 3390 1071 3456 oculi
1094 3389 1224 3455 officium
1244 3389 1300 3452 sihi

206 3507 352 3584 vindieat,
385 3509 435 3568 aut
463 3521 567 3567 manus
597 3503 707 3586 pedum
735 3503 946 3585 ministerium,
978 3510 1028 3568 aut
1051 3522 1106 3588 pes
1136 3501 1299 3568 manuum?

199 3621 284 3712 Quin
306 3621 393 3683 etiam
414 3617 497 3701 ipsae
529 3635 632 3682 manus
658 3617 783 3682 dextera
805 3638 840 3682 ae
861 3621 980 3685 sinistra
1011 3618 1160 3702 dispartita
1191 3617 1301 3681 hebent

207 3733 305 3799 officia
327 3732 487 3814 pleraque,
512 3737 565 3811 ut,
594 3731 621 3795 si
642 3751 728 3798 usum
752 3735 914 3797 commutes
936 3733 1107 3815 utriusque,
1141 3730 1298 3826 adversum

206 3856 341 3912 naturam
364 3847 417 3924 sit;
447 3847 589 3928 priusque
611 3850 703 3910 toturn
726 3847 874 3911 hominem
896 3865 1007 3927 exuas,
1036 3864 1123 3929 quam
1146 3845 1298 3908 membro-

204 3979 271 4024 rum
303 3967 421 4026 tuorum
454 3959 615 4049 ministeria
647 3967 825 4041 convertas,
859 3960 887 4024 si
908 3965 958 4024 aut
983 3959 1021 4023 de
1050 3959 1168 4024 sinistra
1200 3958 1296 4022 eibum

207 4113 404 4126 ———-

277 4201 527 4270 emam.
