2932 4700
426 297 471 352 ott
490 295 627 356 omaus
646 297 870 357 lllltlstttottttlt
886 299 1018 358 iterat
1227 305 1268 372 37

173 475 261 522 suum
292 459 419 544 stringit.
464 462 614 527 interdurn
640 461 710 524 mihi
732 465 817 544 quasi
840 481 939 528 escam
961 465 1100 548 proponit
1122 465 1269 532 vindictae

173 573 409 656 possibilitatem,
432 581 473 657 ut,
498 575 566 641 dum
589 575 730 640 vindicari
751 577 848 659 cupio,
872 579 936 659 ipse
951 596 999 642 me
1014 579 1144 642 inseram
1159 581 1267 662 laqueo

174 693 206 750 et
227 686 338 752 nodum
360 691 463 754 mortis
486 691 667 776 adstringam
689 691 768 754 milri.
814 691 845 755 Si
876 693 942 773 quis
973 709 1049 775 ergo
1077 694 1167 757 sentit
1189 695 1269 758 hunc

173 799 379 866 adversarium
401 812 589 887 praesentem
612 823 699 886 esse,
729 811 799 869 tunc
822 807 916 888 magis
939 805 1103 871 custodiam
1126 806 1268 872 adhihere

174 913 264 978 debet
287 917 333 980 ori
355 923 423 998 tuo,
451 940 489 984 ne
512 921 561 985 det
582 923 681 985 locum
703 921 895 998 adversari03
926 920 981 985 sed
1004 939 1064 986 non
1085 922 1166 986 multi
1187 923 1267 986 hunc

172 1030 284 1096 vident.

598 1233 768 1302 CAPUT
802 1233 844 1301 V.

174 1395 268 1452 Contra
286 1396 412 1452 risibilem
430 1401 506 1452 etiam
524 1400 713 1466 adversarium,
738 1415 795 1451 cum
813 1413 859 1452 nos
877 1401 992 1470 instigat,
1017 1401 1138 1454 utendum
1156 1401 1266 1470 silentio,

174 1490 245 1541 cuius
264 1488 335 1540 unias
354 1503 404 1556 ope
422 1490 567 1557 superiores
586 1489 715 1542 evadimus
734 1496 759 1542 et
779 1487 954 1554 humilitatem,
974 1505 1039 1559 quaa
1057 1489 1199 1542 exhibenda
1217 1490 1266 1542 ad·

516 1593 604 1630 versus
622 1592 720 1644 omnes,
740 1592 929 1630 conservemus.

266 1715 315 1780 17.
353 1716 412 1782 Sed
436 1720 521 1781 etiam
545 1721 595 1784 ille
617 1720 769 1785 cavendus
793 1729 849 1800 est,
873 1722 923 1804 qui
946 1721 1041 1785 videri
1063 1727 1173 1804 potest,
1195 1720 1265 1802 qui-

175 1851 300 1914 cumque
323 1831 436 1910 inritat,
460 1829 638 1910 quicumque
661 1828 773 1907 incitat,
797 1829 976 1910 quicumque
999 1833 1173 1911 exasperet,
1196 1827 1265 1908 qui-

175 1964 302 2028 cumque
325 1945 473 2009 incentiva
495 1942 631 2006 luxuriae
653 1949 704 2005 aut
719 1941 847 2005 libidinis
864 1943 1008 2026 suggerit.
1047 1940 1173 2017 Quando
1189 1959 1264 2024 ergo

175 2062 279 2144 aliquis
302 2059 389 2123 nobis
412 2057 606 2135 convitiatur,
629 2057 764 2136 lacessit,
789 2056 825 2119 ad
847 2056 1016 2120 violentiam
1037 2062 1198 2138 provocat,
1227 2052 1264 2116 ad

170 2175 297 2259 iurgium
313 2179 417 2236 vocat:
440 2178 510 2234 tunc
533 2170 681 2233 silentium
705 2188 910 2251 exerceamus,
934 2177 1003 2233 tunc
1026 2171 1096 2232 muti
1117 2169 1181 2232 lieri
1202 2186 1263 2230 non

171 2289 390 2354 erubescamus.
434 2286 576 2349 Peccator
605 2290 652 2347 est
682 2286 760 2348 enim
789 2286 840 2365 qui
867 2302 923 2348 nos
944 2290 1106 2367 provocat,
1139 2283 1189 2364 qui
1212 2281 1262 2344 in-

171 2403 274 2466 iuriam
298 2401 369 2464 facit
392 2406 422 2462 et
445 2416 500 2464 nos
524 2398 635 2461 similes
658 2398 705 2460 sui
727 2397 792 2460 lieri
816 2398 973 2462 desiderat

261 2511 308 2579 18.
355 2514 491 2595 lienique
515 2513 540 2576 si
563 2521 673 2594 taceas,
696 2514 722 2576 si
746 2513 922 2594 dissimules,
945 2515 1023 2578 solet
1045 2514 1161 2578 dicere:
1186 2515 1262 2590 Ouid

170 2629 278 2694 taces?
315 2629 463 2710 Loquere,
484 2630 511 2691 si
526 2629 636 2706 audes3
659 2628 789 2692 sednon
805 2630 908 2710 audes,
932 2636 1028 2693 mutus
1044 2647 1088 2709 es,
1114 2627 1260 2712 elinguem

170 2751 200 2806 te
223 2743 290 2806 feci.
336 2743 367 2809 Si
395 2762 470 2827 ergo
499 2751 613 2823 taceas,
643 2745 710 2826 plus
740 2745 884 2826 rumpitur
891 2767 900 2822 ;
932 2746 1040 2808 victum
1070 2762 1140 2807 seso
1170 2750 1261 2825 putat,

171 2859 303 2939 inrisum,
326 2858 524 2939 posthabitum
539 2866 628 2941 atque
645 2858 778 2921 inlusum.
818 2858 849 2924 Si
864 2859 1058 2941 respondeas,
1077 2858 1262 2940 superiorem

171 2990 206 3036 se
236 2971 345 3036 laetum
375 2972 548 3050 arbitratur,
580 2971 647 3053 quia
677 2988 777 3052 parem
810 2971 930 3033 invenit.
984 2970 1015 3036 Si
1045 2972 1122 3034 enim
1152 2977 1261 3050 taceas,

171 3087 292 3152 dicitur:
323 3087 376 3150 llle
399 3086 575 3151 convitiatus
599 3090 644 3148 est
665 3083 752 3164 huic,
785 3085 960 3167 contempsit
981 3086 1046 3147 iste.
1092 3083 1123 3149 si
1145 3084 1261 3148 referas

172 3202 387 3282 contumeliam,
411 3201 532 3265 dicitur:
556 3200 651 3264 Ambo
675 3200 825 3263 convitieti
841 3205 917 3263 sunt.
962 3199 1093 3281 Uterque
1116 3198 1261 3262 condem-

170 3324 273 3398 natur,
305 3334 394 3380 nemo
416 3290 588 3380 absolvitur.
634 3316 716 3400 Ergo
746 3315 823 3377 illius
855 3320 900 3378 est
922 3313 1065 3393 studium,
1098 3318 1131 3376 ut
1152 3309 1261 3391 inritet,

168 3440 202 3496 ut
224 3431 328 3496 similia
351 3432 392 3494 illi
413 3432 529 3513 loquar,
552 3431 655 3494 similia
677 3449 781 3514 agam3
804 3431 872 3494 iusti
892 3434 938 3492 cst
954 3435 1051 3491 autem
1066 3426 1260 3506 dissimulare,

170 3547 242 3611 nihil
264 3546 356 3629 loqui,
379 3552 484 3610 tenere
506 3546 603 3610 bonae
623 3548 749 3610 iructum
764 3545 974 3624 conscientiae,
997 3543 1062 3625 plus
1078 3540 1260 3604 committere

170 3663 317 3726 bonorum
341 3661 460 3740 indicio,
483 3677 569 3741 quam
592 3660 771 3722 criminantis
794 3658 979 3737 insolentiae,
1003 3661 1173 3717 contentum
1191 3670 1261 3717 esse

171 3778 317 3861 gravitate
340 3794 455 3841 morum
477 3792 606 3838 suorum.
653 3775 717 3838 lloo
739 3781 784 3838 est
807 3773 899 3836 enirn:
923 3772 1014 3835 silere
1036 3788 1053 3832 a
1073 3770 1168 3851 honis,
1192 3769 1260 3851 quia

171 3891 249 3953 bene
276 3891 332 3954 sibi
361 3892 500 3955 conscius
531 3889 612 3953 falsis
643 3908 703 3954 non
735 3889 823 3952 debet
850 3888 980 3969 moveri,
1014 3903 1071 3949 nec
1093 3885 1259 3964 aestimare,

170 4002 236 4085 plus
266 4002 408 4085 ponderis
438 4005 468 4067 in
497 4004 595 4068 alieno
625 4020 694 4067 esse
725 4001 874 4080 convitio,
907 4019 994 4082 quam
1023 4002 1052 4064 in
1083 4018 1140 4064 suo
1170 3999 1258 4062 testi-

169 4134 280 4180 mollio.
