2976 4706
395 430 440 483 DE
462 428 599 483 austeus
618 427 839 480 ttttttstuoatttt
861 427 956 479 LIBER
976 427 1016 480 lll.
1192 431 1254 495 203

45 603 47 606 ’
159 598 300 675 posucrat
322 598 480 674 percutere
502 597 597 654 morte
617 598 647 654 et
662 589 790 672 perdere
813 591 971 672 populum;
995 592 1050 654 sed
1074 598 1177 675 postea
1199 611 1256 655 ro-

159 712 246 788 gatas
270 724 286 767 a
308 705 432 787 Moyse,
462 704 671 766 reconciliatus
695 708 741 765 est
763 703 876 784 populo
906 722 971 766 suo.
1016 703 1054 768 Et
1083 705 1187 767 iterum
1219 704 1256 766 ad

159 819 286 901 Moysen
310 823 339 880 et
361 796 544 879 Aaroa'ait:
564 813 593 899 ¹)
624 816 764 878 Dacicae
795 837 851 878 cos
882 818 920 878 dc
950 819 1050 880 inedia
1081 837 1257 900 spaapopcc

161 933 229 994 cias
259 939 288 994 et
318 929 536 992 consummabo
572 949 627 991 eos
660 930 760 991 siaral.
815 930 929 1004 Quibus
962 929 1184 994 discedentibus
1220 931 1257 994 de

160 1049 266 1123 coetu,
297 1043 411 1106 Dathan
436 1051 464 1106 et
487 1044 602 1107 Abiron
624 1044 722 1106 subito
745 1043 851 1126 impios
875 1049 953 1106 terra
977 1053 1138 1128 praerupto
1161 1045 1257 1108 solnta

153 1158 243 1220 'hiatu
265 1157 425 1220 absorbuit.

247 1269 297 1334 80.
342 1269 572 1333 Praecellentias
595 1275 625 1332 ct
647 1269 795 1350 antiquius
827 1269 905 1333 istud
938 1272 1106 1354 exemplum
1137 1271 1175 1333 de
1199 1271 1257 1335 lilia

160 1383 301 1465 lephthe,
325 1403 412 1467 quam
435 1383 522 1463 illud,
555 1383 634 1463 qaod
658 1383 850 1446 memorabile
873 1383 998 1447 habetur
1020 1386 1096 1467 apud
1120 1385 1259 1466 philoso-

161 1499 237 1580 phos
269 1498 306 1562 de
333 1497 449 1562 dnobus
472 1499 687 1582 Pythagoreis,
721 1517 846 1579 quorum
877 1499 970 1578 alter,
1002 1518 1067 1561 cum
1091 1519 1107 1561 a
1130 1507 1258 1582 tyranno

160 1611 307 1696 Dionysio
330 1598 432 1694 capitis
455 1611 609 1676 damnatus
634 1620 730 1692 esset,
754 1612 940 1694 praescripto
963 1612 1065 1674 mortis
1087 1611 1135 1674 die
1159 1630 1260 1694 popo-

162 1727 235 1806 scit,
262 1733 294 1788 ut
325 1726 444 1789 domum
474 1724 621 1809 pergendi
645 1727 673 1788 ei
696 1725 820 1789 facultas
850 1725 987 1806 daretur,
1022 1743 1080 1806 quo
1104 1744 1260 1788 conamen-

164 1835 248 1899 daret
277 1856 369 1917 saos,
401 1855 452 1916 ac,
487 1856 526 1900 ne
549 1838 721 1900 revertendi
744 1844 863 1902 nutaret
896 1838 988 1917 tides,
1021 1837 1126 1900 vadem
1158 1839 1260 1902 mortis

154 1950 269 2032 'optulit
289 1969 324 2012 ea
347 1950 598 2029 condicionem,
622 1951 648 2012 si
671 1951 735 2032 ipse
761 1949 878 2013 deforet
899 1951 935 2012 ad
960 1951 1150 2012 constitutum
1173 1947 1260 2028 diem,

163 2078 216 2123 vas
244 2061 308 2122 eins
331 2061 387 2123 sibi
410 2079 464 2142 pro
490 2080 527 2124 eo
550 2061 735 2124 moriendum
767 2067 955 2145 agnosceret.
1000 2061 1064 2124 Nec
1094 2063 1261 2142 qualitatem

56 2242 60 2250 ,
156 2175 334 2254 'sponsionis
358 2173 409 2255 qui
433 2173 614 2236 atterebatur
644 2175 794 2237 recusavit
824 2177 1031 2254 constantique
1060 2176 1157 2236 animo
1184 2173 1261 2236 diem

163 2287 246 2348 necis
277 2287 522 2367 praestolabatur.
567 2287 670 2370 ltaque
693 2288 768 2350 alter
790 2306 824 2350 se
847 2288 912 2350 non'
930 2289 1092 2366 subtraxit,
1126 2286 1260 2348 altered

164 2398 241 2461 diem
263 2399 387 2480 recepit.
432 2399 520 2474 Quod
544 2417 581 2462 eo
604 2418 701 2479 usque
724 2399 779 2462 tuit
802 2399 951 2479 mirabile,
985 2406 1017 2472 nt
1039 2407 1183 2483 tyrannus
1208 2417 1261 2462 eos

164 2513 220 2576 sibi
243 2514 273 2575 in
296 2514 452 2575 amicitiam
475 2513 678 2592 adscisceret,
703 2531 829 2594 quorum
851 2513 998 2595 urguebat
1020 2512 1192 2594 periculum.

253 2623 304 2690 81.
351 2627 439 2702 Quod
468 2645 543 2710 ergo
576 2629 606 2689 in
640 2627 780 2707 spectatis
814 2631 844 2688 et
878 2626 1000 2689 eruditis
1034 2626 1106 2688 viris
1140 2625 1262 2706 plenum

164 2740 297 2803 miraculi
327 2746 391 2820 est,
424 2741 484 2802 hoc
515 2741 544 2802 in
571 2739 689 2823 virgine
718 2738 810 2801 multo
841 2739 1076 2822 magnificentius
1110 2739 1262 2818 multoque

157 2855 318 2917 'inlustrius
342 2850 589 2934 deprehenditur,
623 2869 700 2931 quae
726 2851 940 2934 ingemescenti
963 2851 1037 2932 patri
1061 2852 1115 2912 ait:
1132 2847 1165 2933 ²)
1197 2850 1263 2912 Fac

164 2967 239 3028 milri
271 2975 306 3028 at
335 2967 433 3030 acioli
461 2966 498 3027 dc
531 2985 585 3027 ore
617 2971 680 3026 tao.
727 2963 785 3028 Sed
816 2965 940 3045 spatium
970 2962 1095 3026 duorum
1124 2966 1263 3046 poposcit

159 3081 328 3160 mensium,
358 3089 389 3142 ut
413 3099 480 3142 cum
511 3080 684 3161 aequalibus
715 3086 895 3141 conventum
926 3084 1030 3164 ageret
1052 3079 1082 3142 in
1104 3081 1262 3160 montibus,

165 3211 242 3276 quae
270 3193 470 3277 virginitatem
502 3195 566 3256 eins
595 3192 845 3275 praedestinatam
875 3194 942 3256 neci
969 3193 1018 3274 pio
1049 3193 1155 3254 allecta
1185 3211 1262 3275 pro-

165 3314 372 3389 sequerentur.
416 3307 480 3370 Nec
502 3309 588 3372 iletas
619 3309 785 3389 aequalium
807 3311 901 3371 movit
923 3301 1065 3390 puellam,
1096 3326 1153 3370 nec
1175 3306 1262 3370 dolor

159 3421 265 3502 flexa,
291 3440 349 3484 nec
371 3423 499 3504 gemitus
522 3422 698 3502 retardavit,
722 3441 779 3485 nec
801 3423 865 3484 dies
888 3421 1054 3502 praeteriit,
1077 3440 1135 3482 nec
1157 3419 1262 3482 ielellit

165 3535 248 3598 liora.
294 3533 391 3597 Rediit
413 3536 450 3598 ad
472 3544 604 3617 patrem,
636 3539 721 3619 quasi
745 3538 781 3600 ad
804 3542 905 3599 votum
937 3535 1068 3613 rediret,
1099 3542 1129 3597 et
1151 3535 1261 3597 volun-

166 3654 226 3710 tate
259 3651 380 3731 propria
414 3657 600 3715 cunctantem
630 3652 735 3734 inpulit
763 3652 893 3730 lecitque
923 3650 1062 3711 arbitratu
1094 3655 1261 3730 spontanea

168 3765 200 3820 ut
221 3763 301 3840 quod
323 3770 388 3826 erat
410 3765 566 3849 impietatis
590 3766 741 3829 fortuitum
763 3766 848 3828 fieret
870 3764 986 3845 pietatis
1009 3761 1194 3826 sacrificium.

239 4007 266 4076 t)
285 4009 356 4066 Num.
377 4009 419 4075 16,
438 4009 480 4066 at.
551 4010 580 4076 2)
600 4007 678 4062 ludio.
698 4007 741 4074 11,
766 4007 799 4058 36
817 4021 872 4076 seq.
