<?xml version="1.0" encoding="UTF-8"?>
<!DOCTYPE html PUBLIC "-//W3C//DTD XHTML 1.0 Transitional//EN"
    "http://www.w3.org/TR/xhtml1/DTD/xhtml1-transitional.dtd">
<html xmlns="http://www.w3.org/1999/xhtml" xml:lang="en" lang="en">
 <head>
  <title>
</title>
<meta http-equiv="Content-Type" content="text/html;charset=utf-8" />
  <meta name='ocr-system' content='tesseract 3.04.00' />
  <meta name='ocr-capabilities' content='ocr_page ocr_carea ocr_par ocr_line ocrx_word'/>
</head>
<body>
  <div class='ocr_page' id='page_1' title='image "./deofficiisminis01krabgoog_0037.png"; bbox 0 0 2932 4700; ppageno 0'>
   <div class='ocr_carea' id='block_1_1' title="bbox 182 253 765 322">
    <p class='ocr_par' dir='ltr' id='par_1_1' title="bbox 182 253 765 322">
     <span class='ocr_line' id='line_1_1' title="bbox 182 253 765 322; baseline -0.002 -13"><span class='ocrx_word' id='word_1_1' title='bbox 182 255 225 322; x_wconf 77' lang='lat'>24</span> <span class='ocrx_word' id='word_1_2' title='bbox 688 253 765 309; x_wconf 75' lang='lat' dir='ltr'>VITA</span> 
     </span>
    </p>
   </div>
   <div class='ocr_carea' id='block_1_2' title="bbox 182 411 1279 611">
    <p class='ocr_par' dir='ltr' id='par_1_2' title="bbox 182 411 1279 611">
     <span class='ocr_line' id='line_1_2' title="bbox 182 411 1276 497; baseline 0.002 -21"><span class='ocrx_word' id='word_1_3' title='bbox 182 419 345 497; x_wconf 82' lang='lat' dir='ltr'>pergerent</span> <span class='ocrx_word' id='word_1_4' title='bbox 373 411 593 495; x_wconf 74' lang='lat' dir='ltr'>suaderentque</span> <span class='ocrx_word' id='word_1_5' title='bbox 616 415 673 495; x_wconf 95' lang='lat' dir='ltr'>illi,</span> <span class='ocrx_word' id='word_1_6' title='bbox 704 421 737 478; x_wconf 92' lang='lat' dir='ltr'>ut</span> <span class='ocrx_word' id='word_1_7' title='bbox 758 416 815 479; x_wconf 90' lang='lat' dir='ltr'>sibi</span> <span class='ocrx_word' id='word_1_8' title='bbox 837 414 958 478; x_wconf 82' lang='lat' dir='ltr'>vivendi</span> <span class='ocrx_word' id='word_1_9' title='bbox 979 419 1096 497; x_wconf 90' lang='lat' dir='ltr'>peteret</span> <span class='ocrx_word' id='word_1_10' title='bbox 1118 434 1135 479; x_wconf 94' lang='lat' dir='ltr'>a</span> <span class='ocrx_word' id='word_1_11' title='bbox 1157 414 1276 478; x_wconf 92' lang='lat' dir='ltr'>domino</span> 
     </span>
     <span class='ocr_line' id='line_1_3' title="bbox 182 525 1279 611; baseline 0.002 -21"><span class='ocrx_word' id='word_1_12' title='bbox 182 533 385 591; x_wconf 80' lang='lat' dir='ltr'>commeatum.</span> <span class='ocrx_word' id='word_1_13' title='bbox 432 525 518 600; x_wconf 84' lang='lat' dir='ltr'>Quod</span> <span class='ocrx_word' id='word_1_14' title='bbox 542 527 591 590; x_wconf 93' lang='lat' dir='ltr'>ille</span> <span class='ocrx_word' id='word_1_15' title='bbox 621 529 673 591; x_wconf 94' lang='lat' dir='ltr'>ubi</span> <span class='ocrx_word' id='word_1_16' title='bbox 702 528 815 593; x_wconf 88' lang='lat' dir='ltr'>audivit</span> <span class='ocrx_word' id='word_1_17' title='bbox 844 529 977 609; x_wconf 88' lang='lat' dir='ltr'>abillis,</span> <span class='ocrx_word' id='word_1_18' title='bbox 1007 527 1177 611; x_wconf 88' lang='lat' dir='ltr'>respondit:</span> <span class='ocrx_word' id='word_1_19' title='bbox 1208 529 1279 592; x_wconf 82' lang='lat' dir='ltr'>Non</span> 
     </span>
    </p>
   </div>
   <div class='ocr_carea' id='block_1_3' title="bbox 182 639 1276 830">
    <p class='ocr_par' dir='ltr' id='par_1_3' title="bbox 182 639 1276 830">
     <span class='ocr_line' id='line_1_4' title="bbox 182 639 1276 720; baseline 0.001 -19"><span class='ocrx_word' id='word_1_20' title='bbox 182 641 228 704; x_wconf 82' lang='lat' dir='ltr'>ito</span> <span class='ocrx_word' id='word_1_21' title='bbox 248 642 329 703; x_wconf 78' lang='lat' dir='ltr'>inter</span> <span class='ocrx_word' id='word_1_22' title='bbox 349 659 406 704; x_wconf 82' lang='lat' dir='ltr'>oos</span> <span class='ocrx_word' id='word_1_23' title='bbox 428 639 516 715; x_wconf 76' lang='lat' dir='ltr'>olai,</span> <span class='ocrx_word' id='word_1_24' title='bbox 545 647 580 700; x_wconf 83' lang='lat' dir='ltr'>ut</span> <span class='ocrx_word' id='word_1_25' title='bbox 606 641 730 720; x_wconf 85' lang='lat' dir='ltr'>pudeat</span> <span class='ocrx_word' id='word_1_26' title='bbox 750 661 795 703; x_wconf 86' lang='lat' dir='ltr'>me</span> <span class='ocrx_word' id='word_1_27' title='bbox 824 643 946 720; x_wconf 76' lang='lat' dir='ltr'>otnero,</span> <span class='ocrx_word' id='word_1_28' title='bbox 979 661 1037 704; x_wconf 84' lang='lat' dir='ltr'>nec</span> <span class='ocrx_word' id='word_1_29' title='bbox 1069 642 1158 703; x_wconf 82' lang='lat' dir='ltr'>timeo</span> <span class='ocrx_word' id='word_1_30' title='bbox 1187 643 1276 719; x_wconf 80' lang='lat' dir='ltr'>mori,</span> 
     </span>
     <span class='ocr_line' id='line_1_5' title="bbox 183 749 745 830; baseline 0.002 -17"><span class='ocrx_word' id='word_1_31' title='bbox 183 752 259 830; x_wconf 77' lang='lat' dir='ltr'>quie</span> <span class='ocrx_word' id='word_1_32' title='bbox 282 751 436 812; x_wconf 81' lang='lat' dir='ltr'>dominum</span> <span class='ocrx_word' id='word_1_33' title='bbox 459 749 570 812; x_wconf 83' lang='lat' dir='ltr'>bonam</span> <span class='ocrx_word' id='word_1_34' title='bbox 591 750 745 814; x_wconf 78' lang='lat' dir='ltr'>dabamus.</span> 
     </span>
    </p>
   </div>
   <div class='ocr_carea' id='block_1_4' title="bbox 181 860 1280 4142">
    <p class='ocr_par' dir='ltr' id='par_1_4' title="bbox 181 860 1278 2539">
     <span class='ocr_line' id='line_1_6' title="bbox 268 860 1277 948; baseline 0.002 -20"><span class='ocrx_word' id='word_1_35' title='bbox 268 861 318 928; x_wconf 84' lang='grc'>46.</span> <span class='ocrx_word' id='word_1_36' title='bbox 364 864 421 926; x_wconf 89' lang='lat' dir='ltr'>Per</span> <span class='ocrx_word' id='word_1_37' title='bbox 450 860 528 925; x_wconf 90' lang='lat' dir='ltr'>idem</span> <span class='ocrx_word' id='word_1_38' title='bbox 560 868 673 944; x_wconf 92' lang='lat' dir='ltr'>tempus</span> <span class='ocrx_word' id='word_1_39' title='bbox 706 883 773 928; x_wconf 91' lang='lat' dir='ltr'>cum</span> <span class='ocrx_word' id='word_1_40' title='bbox 802 865 832 928; x_wconf 89' lang='lat' dir='ltr'>in</span> <span class='ocrx_word' id='word_1_41' title='bbox 856 871 989 928; x_wconf 88' lang='lat' dir='ltr'>extrema</span> <span class='ocrx_word' id='word_1_42' title='bbox 1019 873 1103 948; x_wconf 90' lang='lat' dir='ltr'>parte</span> <span class='ocrx_word' id='word_1_43' title='bbox 1136 867 1277 948; x_wconf 89' lang='lat' dir='ltr'>porticus,</span> 
     </span>
     <span class='ocr_line' id='line_1_7' title="bbox 181 977 1278 1061; baseline -0.001 -16"><span class='ocrx_word' id='word_1_44' title='bbox 181 981 213 1045; x_wconf 92' lang='lat' dir='ltr'>in</span> <span class='ocrx_word' id='word_1_45' title='bbox 236 998 293 1061; x_wconf 90' lang='lat' dir='ltr'>qua</span> <span class='ocrx_word' id='word_1_46' title='bbox 316 979 447 1058; x_wconf 90' lang='lat' dir='ltr'>iacebat,</span> <span class='ocrx_word' id='word_1_47' title='bbox 477 977 508 1039; x_wconf 94' lang='lat' dir='ltr'>in</span> <span class='ocrx_word' id='word_1_48' title='bbox 530 995 590 1040; x_wconf 90' lang='lat' dir='ltr'>uno</span> <span class='ocrx_word' id='word_1_49' title='bbox 613 979 702 1059; x_wconf 91' lang='lat' dir='ltr'>positi</span> <span class='ocrx_word' id='word_1_50' title='bbox 726 977 849 1058; x_wconf 84' lang='lat' dir='ltr'>Castus,</span> <span class='ocrx_word' id='word_1_51' title='bbox 881 979 1046 1060; x_wconf 83' lang='lat' dir='ltr'>Polemios,</span> <span class='ocrx_word' id='word_1_52' title='bbox 1076 981 1224 1044; x_wconf 85' lang='lat' dir='ltr'>Venerius</span> <span class='ocrx_word' id='word_1_53' title='bbox 1248 988 1278 1044; x_wconf 89' lang='lat' dir='ltr'>et</span> 
     </span>
     <span class='ocr_line' id='line_1_8' title="bbox 182 1090 1278 1175; baseline 0 -19"><span class='ocrx_word' id='word_1_54' title='bbox 182 1093 267 1156; x_wconf 83' lang='lat' dir='ltr'>Felix</span> <span class='ocrx_word' id='word_1_55' title='bbox 289 1099 358 1155; x_wconf 91' lang='lat' dir='ltr'>tune</span> <span class='ocrx_word' id='word_1_56' title='bbox 382 1090 524 1154; x_wconf 84' lang='lat' dir='ltr'>diacones</span> <span class='ocrx_word' id='word_1_57' title='bbox 547 1108 649 1154; x_wconf 89' lang='lat' dir='ltr'>secum</span> <span class='ocrx_word' id='word_1_58' title='bbox 673 1098 835 1155; x_wconf 78' lang='lat' dir='ltr'>tractarent</span> <span class='ocrx_word' id='word_1_59' title='bbox 857 1111 935 1156; x_wconf 87' lang='lat' dir='ltr'>voce</span> <span class='ocrx_word' id='word_1_60' title='bbox 957 1094 995 1156; x_wconf 87' lang='lat' dir='ltr'>ita</span> <span class='ocrx_word' id='word_1_61' title='bbox 1019 1111 1140 1175; x_wconf 91' lang='lat' dir='ltr'>pressa,</span> <span class='ocrx_word' id='word_1_62' title='bbox 1175 1099 1207 1156; x_wconf 90' lang='lat' dir='ltr'>ut</span> <span class='ocrx_word' id='word_1_63' title='bbox 1228 1094 1278 1156; x_wconf 92' lang='lat' dir='ltr'>vix</span> 
     </span>
     <span class='ocr_line' id='line_1_9' title="bbox 182 1205 1278 1290; baseline 0.002 -20"><span class='ocrx_word' id='word_1_64' title='bbox 182 1208 308 1270; x_wconf 90' lang='lat' dir='ltr'>invicem</span> <span class='ocrx_word' id='word_1_65' title='bbox 332 1205 484 1284; x_wconf 85' lang='lat' dir='ltr'>audirent,</span> <span class='ocrx_word' id='word_1_66' title='bbox 515 1206 564 1286; x_wconf 91' lang='lat' dir='ltr'>qui</span> <span class='ocrx_word' id='word_1_67' title='bbox 587 1213 655 1286; x_wconf 92' lang='lat' dir='ltr'>post</span> <span class='ocrx_word' id='word_1_68' title='bbox 679 1207 789 1279; x_wconf 88' lang='lat' dir='ltr'>obitum</span> <span class='ocrx_word' id='word_1_69' title='bbox 813 1207 891 1270; x_wconf 90' lang='lat' dir='ltr'>illins</span> <span class='ocrx_word' id='word_1_70' title='bbox 916 1208 1074 1290; x_wconf 91' lang='lat' dir='ltr'>episcopus</span> <span class='ocrx_word' id='word_1_71' title='bbox 1097 1207 1278 1272; x_wconf 88' lang='lat' dir='ltr'>ordinandus</span> 
     </span>
     <span class='ocr_line' id='line_1_10' title="bbox 184 1320 1278 1403; baseline 0.002 -19"><span class='ocrx_word' id='word_1_72' title='bbox 184 1328 283 1399; x_wconf 87' lang='lat' dir='ltr'>esset,</span> <span class='ocrx_word' id='word_1_73' title='bbox 315 1326 403 1400; x_wconf 89' lang='lat' dir='ltr'>atque</span> <span class='ocrx_word' id='word_1_74' title='bbox 435 1337 501 1382; x_wconf 89' lang='lat' dir='ltr'>cum</span> <span class='ocrx_word' id='word_1_75' title='bbox 531 1320 568 1382; x_wconf 93' lang='lat' dir='ltr'>de</span> <span class='ocrx_word' id='word_1_76' title='bbox 599 1321 718 1384; x_wconf 89' lang='lat' dir='ltr'>nomine</span> <span class='ocrx_word' id='word_1_77' title='bbox 748 1324 842 1385; x_wconf 89' lang='lat' dir='ltr'>sancti</span> <span class='ocrx_word' id='word_1_78' title='bbox 872 1322 1067 1403; x_wconf 86' lang='lat' dir='ltr'>loquerentur</span> <span class='ocrx_word' id='word_1_79' title='bbox 1090 1321 1278 1403; x_wconf 77' lang='lat' dir='ltr'>simpliciani,</span> 
     </span>
     <span class='ocr_line' id='line_1_11' title="bbox 182 1435 1278 1520; baseline 0.001 -22"><span class='ocrx_word' id='word_1_80' title='bbox 182 1443 328 1516; x_wconf 89' lang='lat' dir='ltr'>tamquam</span> <span class='ocrx_word' id='word_1_81' title='bbox 351 1435 511 1498; x_wconf 88' lang='lat' dir='ltr'>interesset</span> <span class='ocrx_word' id='word_1_82' title='bbox 526 1437 671 1515; x_wconf 89' lang='lat' dir='ltr'>tractatui,</span> <span class='ocrx_word' id='word_1_83' title='bbox 696 1455 761 1500; x_wconf 92' lang='lat' dir='ltr'>oum</span> <span class='ocrx_word' id='word_1_84' title='bbox 780 1436 871 1520; x_wconf 84' lang='lat' dir='ltr'>longe</span> <span class='ocrx_word' id='word_1_85' title='bbox 885 1439 1001 1518; x_wconf 89' lang='lat' dir='ltr'>positus</span> <span class='ocrx_word' id='word_1_86' title='bbox 1018 1436 1053 1498; x_wconf 89' lang='lat' dir='ltr'>ab</span> <span class='ocrx_word' id='word_1_87' title='bbox 1070 1437 1141 1517; x_wconf 90' lang='lat' dir='ltr'>ipsis</span> <span class='ocrx_word' id='word_1_88' title='bbox 1156 1436 1278 1517; x_wconf 90' lang='lat' dir='ltr'>iaceret,</span> 
     </span>
     <span class='ocr_line' id='line_1_12' title="bbox 183 1547 1277 1630; baseline 0 -18"><span class='ocrx_word' id='word_1_89' title='bbox 183 1549 351 1630; x_wconf 91' lang='lat' dir='ltr'>adprobans</span> <span class='ocrx_word' id='word_1_90' title='bbox 381 1548 557 1612; x_wconf 90' lang='lat' dir='ltr'>exclamavit</span> <span class='ocrx_word' id='word_1_91' title='bbox 586 1549 689 1612; x_wconf 91' lang='lat' dir='ltr'>tertio:</span> <span class='ocrx_word' id='word_1_92' title='bbox 722 1549 845 1626; x_wconf 76' lang='lat' dir='ltr'>Senex,</span> <span class='ocrx_word' id='word_1_93' title='bbox 875 1551 932 1612; x_wconf 83' lang='lat' dir='ltr'>aed</span> <span class='ocrx_word' id='word_1_94' title='bbox 953 1548 1059 1612; x_wconf 80' lang='lat' dir='ltr'>bonas.</span> <span class='ocrx_word' id='word_1_95' title='bbox 1106 1547 1178 1610; x_wconf 87' lang='lat' dir='ltr'>Erat</span> <span class='ocrx_word' id='word_1_96' title='bbox 1200 1549 1277 1612; x_wconf 88' lang='lat' dir='ltr'>enim</span> 
     </span>
     <span class='ocr_line' id='line_1_13' title="bbox 183 1663 1278 1745; baseline -0.003 -16"><span class='ocrx_word' id='word_1_97' title='bbox 183 1663 388 1745; x_wconf 89' lang='lat' dir='ltr'>Simplicianus</span> <span class='ocrx_word' id='word_1_98' title='bbox 417 1663 485 1725; x_wconf 88' lang='lat' dir='ltr'>aevi</span> <span class='ocrx_word' id='word_1_99' title='bbox 516 1669 657 1726; x_wconf 89' lang='lat' dir='ltr'>maturus.</span> <span class='ocrx_word' id='word_1_100' title='bbox 709 1664 773 1738; x_wconf 84' lang='lat' dir='ltr'>Oua</span> <span class='ocrx_word' id='word_1_101' title='bbox 801 1681 877 1726; x_wconf 88' lang='lat' dir='ltr'>voce</span> <span class='ocrx_word' id='word_1_102' title='bbox 911 1663 1007 1727; x_wconf 90' lang='lat' dir='ltr'>andita</span> <span class='ocrx_word' id='word_1_103' title='bbox 1042 1670 1278 1744; x_wconf 86' lang='lat' dir='ltr'>expavescentes</span> 
     </span>
     <span class='ocr_line' id='line_1_14' title="bbox 184 1774 1277 1853; baseline -0.001 -14"><span class='ocrx_word' id='word_1_104' title='bbox 184 1776 319 1853; x_wconf 89' lang='lat' dir='ltr'>luerunt;</span> <span class='ocrx_word' id='word_1_105' title='bbox 351 1774 489 1839; x_wconf 82' lang='lat' dir='ltr'>defuncto</span> <span class='ocrx_word' id='word_1_106' title='bbox 519 1781 618 1837; x_wconf 89' lang='lat' dir='ltr'>tamen</span> <span class='ocrx_word' id='word_1_107' title='bbox 650 1793 687 1838; x_wconf 90' lang='lat' dir='ltr'>eo</span> <span class='ocrx_word' id='word_1_108' title='bbox 711 1795 772 1839; x_wconf 89' lang='lat' dir='ltr'>non</span> <span class='ocrx_word' id='word_1_109' title='bbox 795 1777 869 1838; x_wconf 90' lang='lat' dir='ltr'>alius</span> <span class='ocrx_word' id='word_1_110' title='bbox 892 1777 932 1838; x_wconf 91' lang='lat' dir='ltr'>illi</span> <span class='ocrx_word' id='word_1_111' title='bbox 954 1777 1100 1840; x_wconf 89' lang='lat' dir='ltr'>successit</span> <span class='ocrx_word' id='word_1_112' title='bbox 1124 1777 1153 1838; x_wconf 92' lang='lat' dir='ltr'>in</span> <span class='ocrx_word' id='word_1_113' title='bbox 1171 1793 1277 1838; x_wconf 89' lang='lat' dir='ltr'>sacer-</span> 
     </span>
     <span class='ocr_line' id='line_1_15' title="bbox 184 1889 1277 1973; baseline -0.002 -19"><span class='ocrx_word' id='word_1_114' title='bbox 184 1890 294 1954; x_wconf 91' lang='lat' dir='ltr'>dotium</span> <span class='ocrx_word' id='word_1_115' title='bbox 317 1889 374 1952; x_wconf 93' lang='lat' dir='ltr'>nisi</span> <span class='ocrx_word' id='word_1_116' title='bbox 397 1890 439 1968; x_wconf 91' lang='lat' dir='ltr'>is,</span> <span class='ocrx_word' id='word_1_117' title='bbox 463 1906 551 1969; x_wconf 92' lang='lat' dir='ltr'>quem</span> <span class='ocrx_word' id='word_1_118' title='bbox 567 1889 618 1951; x_wconf 93' lang='lat' dir='ltr'>ille</span> <span class='ocrx_word' id='word_1_119' title='bbox 641 1889 752 1953; x_wconf 90' lang='lat' dir='ltr'>bonum</span> <span class='ocrx_word' id='word_1_120' title='bbox 775 1908 877 1953; x_wconf 92' lang='lat' dir='ltr'>senem</span> <span class='ocrx_word' id='word_1_121' title='bbox 900 1890 976 1952; x_wconf 91' lang='lat' dir='ltr'>trina</span> <span class='ocrx_word' id='word_1_122' title='bbox 1000 1909 1075 1953; x_wconf 88' lang='lat' dir='ltr'>voce</span> <span class='ocrx_word' id='word_1_123' title='bbox 1099 1891 1277 1973; x_wconf 83' lang='lat' dir='ltr'>signaverat.</span> 
     </span>
     <span class='ocr_line' id='line_1_16' title="bbox 184 2002 1278 2088; baseline 0.002 -22"><span class='ocrx_word' id='word_1_124' title='bbox 184 2003 238 2066; x_wconf 84' lang='lat' dir='ltr'>Cui</span> <span class='ocrx_word' id='word_1_125' title='bbox 266 2002 453 2086; x_wconf 85' lang='lat' dir='ltr'>Simpliciano</span> <span class='ocrx_word' id='word_1_126' title='bbox 483 2003 647 2082; x_wconf 86' lang='lat' dir='ltr'>Venerius,</span> <span class='ocrx_word' id='word_1_127' title='bbox 681 2022 770 2084; x_wconf 89' lang='lat' dir='ltr'>quem</span> <span class='ocrx_word' id='word_1_128' title='bbox 803 2021 893 2088; x_wconf 90' lang='lat' dir='ltr'>supra</span> <span class='ocrx_word' id='word_1_129' title='bbox 923 2004 1170 2084; x_wconf 77' lang='lat' dir='ltr'>memoravimuS,</span> <span class='ocrx_word' id='word_1_130' title='bbox 1204 2024 1278 2068; x_wconf 91' lang='lat' dir='ltr'>suc-</span> 
     </span>
     <span class='ocr_line' id='line_1_17' title="bbox 183 2087 1277 2201; baseline 0.006 -25"><span class='ocrx_word' id='word_1_131' title='bbox 183 2132 289 2178; x_wconf 89' lang='lat' dir='ltr'>cessor</span> <span class='ocrx_word' id='word_1_132' title='bbox 310 2113 380 2194; x_wconf 84' lang='lat' dir='ltr'>fuit,</span> <span class='ocrx_word' id='word_1_133' title='bbox 403 2087 486 2176; x_wconf 83' lang='lat' dir='ltr'>Felix</span> <span class='ocrx_word' id='word_1_134' title='bbox 508 2133 582 2178; x_wconf 92' lang='lat' dir='ltr'>vero</span> <span class='ocrx_word' id='word_1_135' title='bbox 606 2133 803 2196; x_wconf 89' lang='lat' dir='ltr'>nuncusque</span> <span class='ocrx_word' id='word_1_136' title='bbox 826 2115 1046 2180; x_wconf 87' lang='lat' dir='ltr'>Bononiensem</span> <span class='ocrx_word' id='word_1_137' title='bbox 1069 2114 1148 2201; x_wconf 83' lang='lat' dir='ltr'>regit</span> <span class='ocrx_word' id='word_1_138' title='bbox 1171 2120 1277 2183; x_wconf 84' lang='lat' dir='ltr'>ecole-</span> 
     </span>
     <span class='ocr_line' id='line_1_18' title="bbox 182 2228 1277 2312; baseline 0.005 -19"><span class='ocrx_word' id='word_1_139' title='bbox 182 2230 272 2308; x_wconf 89' lang='lat' dir='ltr'>siam,</span> <span class='ocrx_word' id='word_1_140' title='bbox 306 2228 410 2291; x_wconf 85' lang='lat' dir='ltr'>Castus</span> <span class='ocrx_word' id='word_1_141' title='bbox 442 2235 538 2292; x_wconf 86' lang='lat' dir='ltr'>autem</span> <span class='ocrx_word' id='word_1_142' title='bbox 562 2236 592 2291; x_wconf 91' lang='lat' dir='ltr'>et</span> <span class='ocrx_word' id='word_1_143' title='bbox 614 2229 763 2294; x_wconf 84' lang='lat' dir='ltr'>Polemios</span> <span class='ocrx_word' id='word_1_144' title='bbox 787 2231 887 2293; x_wconf 91' lang='lat' dir='ltr'>nutriti</span> <span class='ocrx_word' id='word_1_145' title='bbox 911 2232 946 2294; x_wconf 89' lang='lat' dir='ltr'>ab</span> <span class='ocrx_word' id='word_1_146' title='bbox 970 2231 1149 2312; x_wconf 82' lang='lat' dir='ltr'>Ambrosio,</span> <span class='ocrx_word' id='word_1_147' title='bbox 1180 2235 1277 2298; x_wconf 90' lang='lat' dir='ltr'>bonae</span> 
     </span>
     <span class='ocr_line' id='line_1_19' title="bbox 183 2342 1277 2423; baseline 0.003 -17"><span class='ocrx_word' id='word_1_148' title='bbox 183 2343 298 2406; x_wconf 90' lang='lat' dir='ltr'>arboris</span> <span class='ocrx_word' id='word_1_149' title='bbox 320 2343 392 2406; x_wconf 89' lang='lat' dir='ltr'>boni</span> <span class='ocrx_word' id='word_1_150' title='bbox 416 2342 547 2423; x_wconf 85' lang='lat' dir='ltr'>fructus,</span> <span class='ocrx_word' id='word_1_151' title='bbox 582 2344 612 2406; x_wconf 91' lang='lat' dir='ltr'>in</span> <span class='ocrx_word' id='word_1_152' title='bbox 644 2344 771 2407; x_wconf 88' lang='lat' dir='ltr'>ecclesia</span> <span class='ocrx_word' id='word_1_153' title='bbox 795 2345 1009 2409; x_wconf 88' lang='lat' dir='ltr'>Mediolanensi</span> <span class='ocrx_word' id='word_1_154' title='bbox 1043 2345 1170 2409; x_wconf 89' lang='lat' dir='ltr'>diaconii</span> <span class='ocrx_word' id='word_1_155' title='bbox 1204 2347 1277 2410; x_wconf 88' lang='lat' dir='ltr'>lun-</span> 
     </span>
     <span class='ocr_line' id='line_1_20' title="bbox 184 2454 427 2539; baseline -0.016 -19"><span class='ocrx_word' id='word_1_156' title='bbox 184 2461 295 2539; x_wconf 83' lang='lat' dir='ltr'>guntur</span> <span class='ocrx_word' id='word_1_157' title='bbox 318 2454 427 2519; x_wconf 89' lang='lat' dir='ltr'>oiticio.</span> 
     </span>
    </p>

    <p class='ocr_par' dir='ltr' id='par_1_5' title="bbox 183 2567 1280 4142">
     <span class='ocr_line' id='line_1_21' title="bbox 271 2567 1277 2652; baseline 0.003 -18"><span class='ocrx_word' id='word_1_158' title='bbox 271 2568 321 2634; x_wconf 81' lang='grc'>47.</span> <span class='ocrx_word' id='word_1_159' title='bbox 366 2568 398 2631; x_wconf 95' lang='lat' dir='ltr'>ln</span> <span class='ocrx_word' id='word_1_160' title='bbox 422 2567 528 2632; x_wconf 90' lang='lat' dir='ltr'>eodem</span> <span class='ocrx_word' id='word_1_161' title='bbox 551 2575 649 2632; x_wconf 89' lang='lat' dir='ltr'>tamen</span> <span class='ocrx_word' id='word_1_162' title='bbox 670 2570 757 2650; x_wconf 93' lang='lat' dir='ltr'>loco,</span> <span class='ocrx_word' id='word_1_163' title='bbox 792 2571 822 2634; x_wconf 92' lang='lat' dir='ltr'>in</span> <span class='ocrx_word' id='word_1_164' title='bbox 844 2590 904 2652; x_wconf 91' lang='lat' dir='ltr'>quo</span> <span class='ocrx_word' id='word_1_165' title='bbox 928 2573 1059 2652; x_wconf 90' lang='lat' dir='ltr'>iacebat,</span> <span class='ocrx_word' id='word_1_166' title='bbox 1093 2573 1170 2637; x_wconf 90' lang='lat' dir='ltr'>sicut</span> <span class='ocrx_word' id='word_1_167' title='bbox 1192 2573 1277 2637; x_wconf 90' lang='lat' dir='ltr'>reie-</span> 
     </span>
     <span class='ocr_line' id='line_1_22' title="bbox 183 2683 1277 2769; baseline 0.005 -23"><span class='ocrx_word' id='word_1_168' title='bbox 183 2690 269 2747; x_wconf 90' lang='lat' dir='ltr'>rente</span> <span class='ocrx_word' id='word_1_169' title='bbox 302 2691 405 2747; x_wconf 90' lang='lat' dir='ltr'>sancto</span> <span class='ocrx_word' id='word_1_170' title='bbox 428 2683 571 2746; x_wconf 86' lang='lat' dir='ltr'>Bassiano</span> <span class='ocrx_word' id='word_1_171' title='bbox 603 2684 746 2767; x_wconf 87' lang='lat' dir='ltr'>episcopo</span> <span class='ocrx_word' id='word_1_172' title='bbox 769 2685 933 2750; x_wconf 88' lang='lat' dir='ltr'>Laudensis</span> <span class='ocrx_word' id='word_1_173' title='bbox 965 2688 1125 2768; x_wconf 89' lang='lat' dir='ltr'>ecclesiae,</span> <span class='ocrx_word' id='word_1_174' title='bbox 1160 2689 1211 2769; x_wconf 90' lang='lat' dir='ltr'>qui</span> <span class='ocrx_word' id='word_1_175' title='bbox 1241 2689 1277 2751; x_wconf 90' lang='lat' dir='ltr'>ab</span> 
     </span>
     <span class='ocr_line' id='line_1_23' title="bbox 186 2796 1278 2884; baseline 0.006 -24"><span class='ocrx_word' id='word_1_176' title='bbox 186 2797 293 2862; x_wconf 93' lang='lat' dir='ltr'>eodem</span> <span class='ocrx_word' id='word_1_177' title='bbox 317 2796 466 2877; x_wconf 90' lang='lat' dir='ltr'>audierat,</span> <span class='ocrx_word' id='word_1_178' title='bbox 497 2798 667 2880; x_wconf 74' lang='lat' dir='ltr'>didicimuS,</span> <span class='ocrx_word' id='word_1_179' title='bbox 698 2820 764 2862; x_wconf 91' lang='lat' dir='ltr'>cum</span> <span class='ocrx_word' id='word_1_180' title='bbox 788 2807 887 2863; x_wconf 89' lang='lat' dir='ltr'>oraret</span> <span class='ocrx_word' id='word_1_181' title='bbox 910 2819 969 2864; x_wconf 90' lang='lat' dir='ltr'>una</span> <span class='ocrx_word' id='word_1_182' title='bbox 991 2820 1058 2864; x_wconf 92' lang='lat' dir='ltr'>oum</span> <span class='ocrx_word' id='word_1_183' title='bbox 1081 2820 1169 2884; x_wconf 92' lang='lat' dir='ltr'>supra</span> <span class='ocrx_word' id='word_1_184' title='bbox 1200 2802 1278 2867; x_wconf 92' lang='lat' dir='ltr'>dicto</span> 
     </span>
     <span class='ocr_line' id='line_1_24' title="bbox 185 2912 1279 2991; baseline 0.005 -15"><span class='ocrx_word' id='word_1_185' title='bbox 185 2913 360 2991; x_wconf 88' lang='lat' dir='ltr'>sacerdote,</span> <span class='ocrx_word' id='word_1_186' title='bbox 390 2912 505 2976; x_wconf 86' lang='lat' dir='ltr'>viderat</span> <span class='ocrx_word' id='word_1_187' title='bbox 536 2913 684 2978; x_wconf 89' lang='lat' dir='ltr'>dominum</span> <span class='ocrx_word' id='word_1_188' title='bbox 716 2916 812 2979; x_wconf 92' lang='lat' dir='ltr'>lesum</span> <span class='ocrx_word' id='word_1_189' title='bbox 843 2917 1002 2980; x_wconf 91' lang='lat' dir='ltr'>advenisse</span> <span class='ocrx_word' id='word_1_190' title='bbox 1031 2917 1124 2980; x_wconf 90' lang='lat' dir='ltr'>adse</span> <span class='ocrx_word' id='word_1_191' title='bbox 1148 2920 1279 2981; x_wconf 89' lang='lat' dir='ltr'>etarri-</span> 
     </span>
     <span class='ocr_line' id='line_1_25' title="bbox 186 3027 1279 3112; baseline 0.005 -23"><span class='ocrx_word' id='word_1_192' title='bbox 186 3027 303 3106; x_wconf 82' lang='lat' dir='ltr'>dentem</span> <span class='ocrx_word' id='word_1_193' title='bbox 333 3028 405 3108; x_wconf 91' lang='lat' dir='ltr'>sibi,</span> <span class='ocrx_word' id='word_1_194' title='bbox 440 3047 496 3091; x_wconf 90' lang='lat' dir='ltr'>nec</span> <span class='ocrx_word' id='word_1_195' title='bbox 528 3031 635 3093; x_wconf 91' lang='lat' dir='ltr'>multos</span> <span class='ocrx_word' id='word_1_196' title='bbox 664 3038 732 3112; x_wconf 90' lang='lat' dir='ltr'>post</span> <span class='ocrx_word' id='word_1_197' title='bbox 764 3031 827 3093; x_wconf 92' lang='lat' dir='ltr'>dies</span> <span class='ocrx_word' id='word_1_198' title='bbox 858 3032 945 3094; x_wconf 90' lang='lat' dir='ltr'>nobis</span> <span class='ocrx_word' id='word_1_199' title='bbox 977 3030 1088 3094; x_wconf 86' lang='lat' dir='ltr'>ablatus</span> <span class='ocrx_word' id='word_1_200' title='bbox 1120 3036 1173 3093; x_wconf 93' lang='lat' dir='ltr'>est.</span> <span class='ocrx_word' id='word_1_201' title='bbox 1219 3031 1279 3097; x_wconf 88' lang='lat' dir='ltr'>Sed</span> 
     </span>
     <span class='ocr_line' id='line_1_26' title="bbox 188 3141 1279 3224; baseline 0.002 -20"><span class='ocrx_word' id='word_1_202' title='bbox 188 3141 293 3205; x_wconf 89' lang='lat' dir='ltr'>eodem</span> <span class='ocrx_word' id='word_1_203' title='bbox 321 3147 471 3223; x_wconf 90' lang='lat' dir='ltr'>tempore,</span> <span class='ocrx_word' id='word_1_204' title='bbox 494 3160 554 3222; x_wconf 92' lang='lat' dir='ltr'>quo</span> <span class='ocrx_word' id='word_1_205' title='bbox 576 3160 594 3204; x_wconf 91' lang='lat' dir='ltr'>a</span> <span class='ocrx_word' id='word_1_206' title='bbox 618 3143 704 3205; x_wconf 90' lang='lat' dir='ltr'>nobis</span> <span class='ocrx_word' id='word_1_207' title='bbox 726 3142 865 3224; x_wconf 82' lang='lat' dir='ltr'>migravit</span> <span class='ocrx_word' id='word_1_208' title='bbox 887 3143 924 3205; x_wconf 91' lang='lat' dir='ltr'>ad</span> <span class='ocrx_word' id='word_1_209' title='bbox 947 3142 1113 3223; x_wconf 90' lang='lat' dir='ltr'>dominum,</span> <span class='ocrx_word' id='word_1_210' title='bbox 1147 3143 1183 3205; x_wconf 89' lang='lat' dir='ltr'>ab</span> <span class='ocrx_word' id='word_1_211' title='bbox 1206 3143 1279 3206; x_wconf 90' lang='lat' dir='ltr'>hora</span> 
     </span>
     <span class='ocr_line' id='line_1_27' title="bbox 186 3257 1280 3338; baseline 0 -18"><span class='ocrx_word' id='word_1_212' title='bbox 186 3259 306 3321; x_wconf 90' lang='lat' dir='ltr'>circiter</span> <span class='ocrx_word' id='word_1_213' title='bbox 337 3257 492 3320; x_wconf 89' lang='lat' dir='ltr'>undecima</span> <span class='ocrx_word' id='word_1_214' title='bbox 525 3257 583 3320; x_wconf 92' lang='lat' dir='ltr'>diei</span> <span class='ocrx_word' id='word_1_215' title='bbox 614 3276 709 3338; x_wconf 92' lang='lat' dir='ltr'>usque</span> <span class='ocrx_word' id='word_1_216' title='bbox 731 3258 768 3322; x_wconf 90' lang='lat' dir='ltr'>ad</span> <span class='ocrx_word' id='word_1_217' title='bbox 790 3259 868 3320; x_wconf 92' lang='lat' dir='ltr'>illam</span> <span class='ocrx_word' id='word_1_218' title='bbox 898 3259 1018 3338; x_wconf 89' lang='lat' dir='ltr'>horam,</span> <span class='ocrx_word' id='word_1_219' title='bbox 1049 3258 1079 3319; x_wconf 92' lang='lat' dir='ltr'>in</span> <span class='ocrx_word' id='word_1_220' title='bbox 1103 3277 1160 3338; x_wconf 89' lang='lat' dir='ltr'>qua</span> <span class='ocrx_word' id='word_1_221' title='bbox 1184 3258 1280 3320; x_wconf 92' lang='lat' dir='ltr'>emisit</span> 
     </span>
     <span class='ocr_line' id='line_1_28' title="bbox 185 3369 1279 3454; baseline -0.004 -18"><span class='ocrx_word' id='word_1_222' title='bbox 185 3373 334 3454; x_wconf 91' lang='lat' dir='ltr'>spiritum,</span> <span class='ocrx_word' id='word_1_223' title='bbox 360 3371 500 3454; x_wconf 87' lang='lat' dir='ltr'>expansis</span> <span class='ocrx_word' id='word_1_224' title='bbox 523 3373 657 3434; x_wconf 89' lang='lat' dir='ltr'>manibus</span> <span class='ocrx_word' id='word_1_225' title='bbox 680 3370 850 3434; x_wconf 87' lang='lat' dir='ltr'>immodum</span> <span class='ocrx_word' id='word_1_226' title='bbox 873 3372 970 3433; x_wconf 90' lang='lat' dir='ltr'>crucis</span> <span class='ocrx_word' id='word_1_227' title='bbox 994 3369 1102 3449; x_wconf 88' lang='lat' dir='ltr'>oravit,</span> <span class='ocrx_word' id='word_1_228' title='bbox 1125 3387 1181 3432; x_wconf 93' lang='lat' dir='ltr'>uos</span> <span class='ocrx_word' id='word_1_229' title='bbox 1204 3388 1279 3433; x_wconf 85' lang='lat' dir='ltr'>vero</span> 
     </span>
     <span class='ocr_line' id='line_1_29' title="bbox 185 3483 1278 3566; baseline -0.005 -15"><span class='ocrx_word' id='word_1_230' title='bbox 185 3488 261 3551; x_wconf 90' lang='lat' dir='ltr'>labia</span> <span class='ocrx_word' id='word_1_231' title='bbox 285 3487 362 3550; x_wconf 91' lang='lat' dir='ltr'>illius</span> <span class='ocrx_word' id='word_1_232' title='bbox 386 3487 501 3550; x_wconf 93' lang='lat' dir='ltr'>moveri</span> <span class='ocrx_word' id='word_1_233' title='bbox 524 3487 712 3566; x_wconf 92' lang='lat' dir='ltr'>videbamus,</span> <span class='ocrx_word' id='word_1_234' title='bbox 747 3505 852 3550; x_wconf 90' lang='lat' dir='ltr'>vocem</span> <span class='ocrx_word' id='word_1_235' title='bbox 875 3492 1055 3549; x_wconf 87' lang='lat' dir='ltr'>autemnon</span> <span class='ocrx_word' id='word_1_236' title='bbox 1079 3483 1278 3548; x_wconf 91' lang='lat' dir='ltr'>audiebamus.</span> 
     </span>
     <span class='ocr_line' id='line_1_30' title="bbox 185 3599 1279 3679; baseline -0.005 -15"><span class='ocrx_word' id='word_1_237' title='bbox 185 3601 354 3665; x_wconf 90' lang='lat' dir='ltr'>Honoratus</span> <span class='ocrx_word' id='word_1_238' title='bbox 378 3602 464 3664; x_wconf 89' lang='lat' dir='ltr'>etiam</span> <span class='ocrx_word' id='word_1_239' title='bbox 487 3601 629 3665; x_wconf 89' lang='lat' dir='ltr'>sacerdos</span> <span class='ocrx_word' id='word_1_240' title='bbox 653 3602 799 3665; x_wconf 89' lang='lat' dir='ltr'>ecclesiae</span> <span class='ocrx_word' id='word_1_241' title='bbox 818 3601 1018 3663; x_wconf 87' lang='lat' dir='ltr'>Vercellensis</span> <span class='ocrx_word' id='word_1_242' title='bbox 1042 3617 1107 3661; x_wconf 93' lang='lat' dir='ltr'>cum</span> <span class='ocrx_word' id='word_1_243' title='bbox 1131 3599 1169 3660; x_wconf 91' lang='lat' dir='ltr'>in·</span> <span class='ocrx_word' id='word_1_244' title='bbox 1184 3615 1279 3679; x_wconf 90' lang='lat' dir='ltr'>snpe-</span> 
     </span>
     <span class='ocr_line' id='line_1_31' title="bbox 185 3713 1279 3796; baseline -0.002 -20"><span class='ocrx_word' id='word_1_245' title='bbox 185 3715 266 3778; x_wconf 91' lang='lat' dir='ltr'>riore</span> <span class='ocrx_word' id='word_1_246' title='bbox 289 3715 392 3778; x_wconf 89' lang='lat' dir='ltr'>domus</span> <span class='ocrx_word' id='word_1_247' title='bbox 415 3733 449 3779; x_wconf 88' lang='lat' dir='ltr'>se</span> <span class='ocrx_word' id='word_1_248' title='bbox 472 3715 508 3778; x_wconf 88' lang='lat' dir='ltr'>ad</span> <span class='ocrx_word' id='word_1_249' title='bbox 532 3715 743 3796; x_wconf 88' lang='lat' dir='ltr'>quiescendum</span> <span class='ocrx_word' id='word_1_250' title='bbox 767 3714 940 3795; x_wconf 89' lang='lat' dir='ltr'>conposuit,</span> <span class='ocrx_word' id='word_1_251' title='bbox 972 3713 1058 3774; x_wconf 93' lang='lat' dir='ltr'>tertio</span> <span class='ocrx_word' id='word_1_252' title='bbox 1090 3730 1196 3774; x_wconf 86' lang='lat' dir='ltr'>vocem</span> <span class='ocrx_word' id='word_1_253' title='bbox 1220 3730 1279 3774; x_wconf 86' lang='lat' dir='ltr'>vo-</span> 
     </span>
     <span class='ocr_line' id='line_1_32' title="bbox 188 3823 1279 3909; baseline -0.005 -18"><span class='ocrx_word' id='word_1_254' title='bbox 188 3830 281 3892; x_wconf 88' lang='lat' dir='ltr'>cantis</span> <span class='ocrx_word' id='word_1_255' title='bbox 304 3848 337 3892; x_wconf 91' lang='lat' dir='ltr'>se</span> <span class='ocrx_word' id='word_1_256' title='bbox 361 3828 472 3893; x_wconf 90' lang='lat' dir='ltr'>audivit</span> <span class='ocrx_word' id='word_1_257' title='bbox 494 3829 679 3909; x_wconf 88' lang='lat' dir='ltr'>dicentisque</span> <span class='ocrx_word' id='word_1_258' title='bbox 703 3828 774 3889; x_wconf 92' lang='lat' dir='ltr'>sibi:</span> <span class='ocrx_word' id='word_1_259' title='bbox 797 3827 912 3906; x_wconf 79' lang='lat' dir='ltr'>Serpe,</span> <span class='ocrx_word' id='word_1_260' title='bbox 934 3823 1065 3902; x_wconf 81' lang='lat' dir='ltr'>festiae,</span> <span class='ocrx_word' id='word_1_261' title='bbox 1090 3825 1164 3904; x_wconf 81' lang='lat' dir='ltr'>quie</span> <span class='ocrx_word' id='word_1_262' title='bbox 1186 3824 1279 3900; x_wconf 83' lang='lat' dir='ltr'>modo</span> 
     </span>
     <span class='ocr_line' id='line_1_33' title="bbox 188 3936 1278 4019; baseline -0.004 -15"><span class='ocrx_word' id='word_1_263' title='bbox 188 3951 235 4005; x_wconf 86' lang='lat' dir='ltr'>est</span> <span class='ocrx_word' id='word_1_264' title='bbox 249 3963 438 4007; x_wconf 83' lang='lat' dir='ltr'>recessurus.</span> <span class='ocrx_word' id='word_1_265' title='bbox 476 3944 533 4018; x_wconf 82' lang='lat' dir='ltr'>Qui</span> <span class='ocrx_word' id='word_1_266' title='bbox 549 3940 735 4004; x_wconf 88' lang='lat' dir='ltr'>descendens</span> <span class='ocrx_word' id='word_1_267' title='bbox 760 3938 863 4001; x_wconf 91' lang='lat' dir='ltr'>obtulit</span> <span class='ocrx_word' id='word_1_268' title='bbox 878 3944 1010 4001; x_wconf 89' lang='lat' dir='ltr'>sanctum</span> <span class='ocrx_word' id='word_1_269' title='bbox 1026 3936 1136 4000; x_wconf 92' lang='lat' dir='ltr'>domini</span> <span class='ocrx_word' id='word_1_270' title='bbox 1151 3955 1278 4019; x_wconf 89' lang='lat' dir='ltr'>corpus:</span> 
     </span>
     <span class='ocr_line' id='line_1_34' title="bbox 189 4048 1278 4142; baseline -0.008 -22"><span class='ocrx_word' id='word_1_271' title='bbox 189 4076 247 4142; x_wconf 89' lang='lat' dir='ltr'>quo</span> <span class='ocrx_word' id='word_1_272' title='bbox 279 4065 402 4140; x_wconf 88' lang='lat' dir='ltr'>accepto</span> <span class='ocrx_word' id='word_1_273' title='bbox 434 4056 483 4120; x_wconf 90' lang='lat' dir='ltr'>ubi</span> <span class='ocrx_word' id='word_1_274' title='bbox 516 4054 649 4137; x_wconf 85' lang='lat' dir='ltr'>glutivit,</span> <span class='ocrx_word' id='word_1_275' title='bbox 685 4051 780 4117; x_wconf 87' lang='lat' dir='ltr'>emisit</span> <span class='ocrx_word' id='word_1_276' title='bbox 812 4049 963 4136; x_wconf 88' lang='lat' dir='ltr'>spiritum,</span> <span class='ocrx_word' id='word_1_277' title='bbox 997 4048 1106 4120; x_wconf 86' lang='lat' dir='ltr'>bonum</span> <span class='ocrx_word' id='word_1_278' title='bbox 1139 4049 1278 4122; x_wconf 85' lang='lat' dir='ltr'>viaticum</span> 
     </span>
    </p>
   </div>
   <div class='ocr_carea' id='block_1_5' title="bbox 0 0 1474 4700">
    <p class='ocr_par' dir='ltr' id='par_1_6' title="bbox 0 0 1474 4700">
     <span class='ocr_line' id='line_1_35' title="bbox 0 0 1474 4700; baseline 0 0"><span class='ocrx_word' id='word_1_279' title='bbox 0 0 1474 4700; x_wconf 95' lang='lat' dir='ltr'> </span> 
     </span>
    </p>
   </div>
  </div>
 </body>
</html>
