2976 4706
409 341 453 394 bu
473 339 611 395 ottulfus
631 339 854 394 ututstnoltulu
872 341 968 396 LIBER
986 343 1027 398 111.
1217 347 1278 412 193

184 503 327 568 arriserat
349 503 418 566 anni
442 499 618 581 fecunditas,
641 501 798 566 inventicia
814 503 886 566 urbs
902 503 966 568 sola
982 505 1091 588 egebat
1112 503 1278 582 frumento;

182 619 328 700 potuisset
349 617 461 694 iuvari,
485 615 511 678 si
533 621 685 697 peteretur
705 615 741 678 ab
760 615 838 680 ltalis
861 616 1057 697 frumentum,
1080 637 1205 699 quorum
1227 620 1279 684 filii

182 731 415 813 expellebantur.
460 727 538 792 Nihil
560 727 618 790 hoc
640 729 773 809 turpius,
805 729 968 794 excludere
991 731 1076 811 quasi
1097 730 1225 795 alienum
1246 741 1278 796 et

181 848 308 927 exigere
331 843 415 924 quasi
438 860 533 905 suum.
578 840 654 915 Ouid
677 841 758 904 illum
788 841 877 921 eicis,
909 843 960 923 qui
983 842 1021 904 de
1044 861 1100 907 suo
1123 846 1276 926 pascitur?

181 959 257 1034 Quid
280 957 360 1020 illum
383 957 474 1036 eicis,
497 955 547 1036 qui
569 960 600 1017 te
623 955 745 1036 pascit?
791 955 916 1020 Servum
940 957 1072 1037 retines,
1103 959 1196 1022 trudis
1218 978 1277 1041 pa-

180 1069 312 1134 rentem!
356 1069 545 1134 Frumentum
568 1068 711 1150 suscipis,
738 1087 795 1132 nec
816 1067 953 1132 affectum
976 1069 1117 1150 inpertist
1161 1073 1276 1137 Victum

179 1189 359 1263 extorques,
382 1202 439 1246 nec
460 1182 601 1266 rependis
624 1181 763 1264 gratiam!

185 1321 189 1330 ¹
265 1295 316 1360 50.
362 1297 454 1370 Quam
477 1296 614 1360 deforme
636 1297 710 1374 boc,
743 1312 829 1376 quarn
852 1295 971 1359 inutile!
1017 1295 1173 1371 Quomodo
1197 1299 1275 1364 enim

179 1415 278 1491 potest
309 1410 380 1473 utile
415 1427 485 1474 esse
518 1408 599 1490 quod
633 1427 694 1472 non
728 1407 840 1470 decet‘l
890 1408 1014 1482 Quantis
1051 1418 1275 1492 corporatorum

178 1523 319 1586 subsidiis
335 1522 444 1586 dudum
459 1523 552 1585 lloma
575 1521 710 1585 fraudata
734 1520 795 1584 esti
832 1521 927 1585 Potuit
950 1529 980 1584 et
1001 1523 1068 1586 illos
1091 1543 1152 1588 nnn
1175 1524 1275 1588 dimit-

178 1643 244 1700 tere
265 1642 295 1699 et
322 1635 453 1699 evadere
471 1635 577 1698 famem
600 1636 780 1719 exspectatis
801 1643 959 1700 ventorum
981 1639 1136 1719 oportunis
1158 1638 1275 1704 flatibus

178 1757 209 1812 et
232 1757 416 1831 speratarum
439 1757 603 1814 commeatu
626 1752 753 1814 navium.
838 1829 840 1838 Ι

266 1860 317 1926 51.
363 1864 457 1938 Quam
480 1883 555 1928 vero
582 1863 653 1927 illud
682 1865 820 1946 superius
851 1865 1025 1944 honesturn,
1057 1873 1148 1945 atque
1177 1866 1273 1930 utile?

177 1975 254 2051 Quid
285 1976 362 2038 enim
393 1982 450 2039 tam
481 1976 623 2038 decorum
654 1984 744 2057 atque
773 1978 946 2056 honestum,
981 1997 1070 2058 quam
1105 1980 1272 2044 conlatione

176 2089 355 2170 locupletum
379 2090 473 2152 iuvari
495 2097 631 2172 egentes,
654 2090 813 2152 ministrari
835 2091 944 2154 victum
969 2092 1177 2170 esurientibus,
1200 2093 1272 2156 nulli

177 2203 273 2264 cibum
296 2201 429 2264 defore?
471 2201 547 2276 Quid
563 2211 621 2264 tam
636 2203 726 2282 utile,
749 2220 836 2283 quam
858 2204 988 2269 cultores
1011 2222 1086 2287 agro
1109 2207 1273 2285 reservari,

177 2333 239 2377 non
260 2315 382 2378 interire
404 2315 519 2397 plebem
542 2316 786 2379 rusticanorum?

266 2424 317 2492 52.
362 2426 449 2503 Quod
470 2428 627 2491 honesturn
650 2428 749 2512 igitur,
772 2429 842 2490 utile
865 2435 926 2506 est3
954 2435 984 2491 et
1005 2427 1085 2510 quod
1107 2429 1187 2509 utile,
1212 2431 1272 2494 hc-

178 2548 304 2605 nestum.
348 2542 386 2605 Et
408 2546 511 2605 contra
535 2541 614 2623 quod
637 2541 757 2621 inutile,
780 2540 953 2605 indecorum
961 2564 970 2620 3
1002 2543 1080 2624 quad
1103 2549 1200 2606 autem
1221 2545 1272 2608 in-

175 2655 336 2734 decorum,
359 2655 388 2718 id
413 2657 499 2718 etiarn
522 2657 635 2718 inutile.

573 2854 743 2921 CAPUT
779 2855 871 2921 VIII.

176 2989 243 3056 an,
271 2993 313 3060 qui
338 2992 471 3044 honestum
495 2991 550 3044 utili
575 3001 745 3062 anteponant,
773 3009 787 3045 a
812 2994 861 3044 deo
884 2993 987 3061 probari
1015 2993 1106 3058 loaue,
1134 2991 1212 3045 caleb
1243 3000 1268 3043 et

440 3079 543 3130 aliorum
562 3078 749 3147 exploratorum
766 3089 855 3148 patere
874 3081 1003 3149 exemplis.

264 3193 315 3260 53.
360 3195 486 3270 Quando
501 3197 629 3260 maiores
652 3199 748 3260 nostri
772 3201 894 3262 servitio
914 3201 998 3262 exire
1015 3201 1190 3279 potuissent,
1212 3197 1268 3259 nisi

175 3310 204 3372 id
227 3329 288 3372 non
308 3309 404 3373 solum
428 3316 531 3392 turpe,
561 3311 615 3374 sed
642 3313 727 3374 etiem
758 3312 859 3375 inutile
891 3311 1087 3375 credidissent
1108 3311 1175 3392 regi
1197 3328 1267 3371 ser-

173 3425 238 3486 vire
259 3423 501 3508 Aegyptiorum?
521 3423 550 3508 Ι)

260 3535 312 3602 ul.
356 3537 439 3600 Iesus
456 3556 576 3618 quoque
594 3547 625 3601 et
637 3539 726 3601 Caleb
736 3535 768 3621 2)
783 3539 866 3600 missi
881 3536 917 3600 ad
932 3536 1143 3619 explorandam
1157 3542 1265 3598 terram

172 3652 296 3716 uberem
318 3651 437 3732 quidem
459 3658 586 3732 terram,
617 3652 670 3715 sed
694 3672 711 3718 a
733 3652 926 3716 ferocissimis
949 3652 1103 3715 inhabitari
1125 3653 1264 3733 gentibus

172 3767 390 3828 nuntiaverunt.
427 3765 560 3830 Terrore
582 3766 652 3830 belli
674 3766 801 3848 populus
824 3764 966 3828 infractus
989 3764 1145 3828 recusabat
1166 3771 1264 3827 terrae

174 3876 239 3939 eius
250 3880 484 3958 possessionem.
507 3879 678 3945 Suadebant
690 3881 770 3942 missi
783 3879 988 3961 exploratores
998 3878 1080 3940 lesus
1093 3884 1122 3940 et
1133 3877 1222 3941 Caleb
1231 3875 1263 3960 ³)

177 4025 383 4040 —un——n———u

243 4115 272 4186 1)
289 4115 368 4171 Exod.
383 4118 425 4184 12,
438 4119 471 4170 34
484 4136 554 4190 seqq.
610 4121 638 4186 2)
657 4121 728 4172 Num.
744 4120 787 4186 13,
800 4119 833 4172 28
846 4135 916 4188 seqq.
970 4119 998 4184 3)
1019 4119 1093 4174 Num.
1108 4120 1149 4186 14,
1163 4120 1178 4170 6
1191 4135 1261 4188 seqq.

222 4243 381 4293 Auauosrus.
1015 4243 1054 4308 13
