2966 4708
371 351 415 404 DE
434 349 570 404 oamcns
590 349 812 406 blllllSTROllUll
832 349 928 406 LIBER
946 351 988 406 lll.
1163 355 1226 420 207

133 521 329 593 revertamur,
351 518 384 577 ut
400 519 510 604 quanto
526 512 752 595 praestantiora,
770 519 852 578 tanto
868 513 1033 593 antiquiora
1048 531 1226 595 promamus.

132 625 260 689 Nolebat
280 624 411 706 Aegypti
433 643 490 686 rex
511 623 652 706 populum
675 624 821 688 dimittere
842 631 966 708 patmm.
1002 627 1083 692 Dixit
1104 628 1228 712 bloyses

133 737 282 801 sacerdoti
314 738 416 799 Aaron
451 744 483 799 ut
518 736 696 800 extenderet
728 737 843 820 virgam
877 755 959 802 suam
998 757 1088 821 super
1122 759 1226 804 omnes

133 868 226 931 aquas
255 849 396 932 Aegypti.
448 848 590 911 Extendit
619 847 739 929 Aaron,
766 847 793 934 ¹)
828 857 857 912 et
890 868 1038 916 conversa
1072 860 1117 916 est
1150 873 1230 936 aqua

133 962 261 1026 fluminis
282 964 313 1025 in
336 961 522 1046 sanguinem,
548 968 578 1024 et
599 981 687 1027 nemo
710 968 827 1044 poterat
849 964 952 1027 bibere
975 983 1079 1046 aquam
1103 985 1227 1030 omnes-

134 1094 192 1158 que
207 1074 349 1159 Aegyptii
371 1076 419 1139 siti
442 1076 586 1158 peribant,
607 1077 724 1139 sincera
746 1081 843 1138 autem
858 1077 966 1140 lluenta
982 1081 1113 1160 patribus
1129 1082 1227 1144 obun-

134 1189 250 1252 dabant.
288 1188 474 1252 lactaverunt
497 1187 625 1251 lavillam
647 1189 677 1251 in
700 1189 824 1268 caelum,
838 1187 870 1273 ⁹)
894 1196 924 1252 et
947 1191 1023 1256 lacta
1042 1199 1110 1256 sunt
1126 1195 1228 1258 ulcera

134 1309 165 1366 et
186 1303 306 1367 vesicae
329 1303 489 1368 candentes
514 1305 544 1367 in
564 1305 731 1368 bominibus
748 1311 778 1367 et
792 1306 1043 1387 quadrupedibus.
1081 1307 1228 1370 Deduxe·

133 1422 202 1480 runt
223 1415 399 1500 grandinem
422 1419 451 1480 in
474 1418 545 1500 igne
567 1417 721 1497 flammeo,
748 1419 873 1482 contrita
897 1426 983 1482 erant
1004 1438 1096 1501 super
1118 1427 1229 1482 terram

135 1529 240 1593 omnia.
285 1529 414 1612 Rogavit
435 1527 606 1616 Moysesl]
630 1537 660 1594 et
681 1533 822 1596 universa
848 1534 878 1596 in
907 1551 991 1595 suam
1018 1534 1143 1616 gratiam
1172 1554 1228 1596 re-

133 1649 303 1706 verterunt:
326 1641 442 1726 grando
465 1642 567 1706 sedata
591 1649 647 1724 est,
670 1650 772 1706 sanata
795 1643 906 1723 ulcera,
929 1650 1017 1724 potus
1040 1643 1146 1708 solitos
1167 1643 1228 1706 llu-

134 1756 211 1818 mina
233 1757 444 1839 praebuerunt.

222 1868 273 1934 93.
317 1869 427 1932 lterum
455 1869 649 1952 caligantibus
677 1869 808 1931 tenebris
838 1876 942 1950 operta
974 1876 1038 1934 erat
1065 1877 1145 1934 terra
1171 1888 1226 1952 per

133 1983 279 2062 triduum,
295 1978 328 2065 ⁴)
359 2001 399 2044 ex
420 2001 480 2065 quo
503 1981 625 2065 Moyses
647 2000 764 2045 manum
786 1983 940 2045 levaverat
963 1989 992 2044 et
1015 1985 1153 2046 tenebras
1176 1983 1226 2045 iu-

133 2095 259 2162 moeret.
304 2095 485 2160 Moriebatur
508 2112 596 2157 omne
617 2093 847 2176 primogenitum
863 2094 1005 2176 Aegypti,
1019 2091 1050 2178 ⁵)
1073 2113 1140 2158 cum
1161 2095 1227 2158 lle-

133 2211 292 2274 braeorum
320 2209 416 2272 omnis
447 2213 527 2270 esset
556 2207 701 2270 inoffensa
723 2207 896 2289 progenies.
940 2208 1073 2290 Rogatus
1095 2207 1229 2290 Moyses,

134 2329 167 2386 ut
196 2321 242 2384 bis
273 2339 393 2403 quoque
423 2320 511 2383 linem
539 2321 638 2383 exitiis
666 2320 769 2400 daret,
800 2322 896 2384 oravit
924 2327 955 2383 et
975 2321 1152 2402 impetravit.
1196 2319 1229 2382 ln

134 2434 186 2498 illo
207 2433 454 2517 praedicandum,
485 2433 567 2516 quod
588 2453 605 2498 a
628 2433 739 2497 fraudis
764 2435 915 2498 consortio
939 2435 1150 2516 temperaverit
1157 2454 1168 2510 3
1198 2434 1229 2497 in

98 2635 107 2643 ἱ
134 2548 192 2612 hoc
208 2548 350 2628 mirabile,
373 2549 512 2630 quoniam
535 2549 673 2611 divinitus
695 2550 806 2611 intenta
825 2549 969 2630 supplicia
984 2549 1092 2614 virtute
1107 2549 1229 2630 propria

135 2663 224 2726 etiam
252 2662 289 2724 ab
320 2661 407 2725 hoste
437 2659 613 2740 detorserit,
645 2678 719 2724 vere
741 2660 878 2739 nimium,
910 2662 985 2724 sieut
1008 2663 1150 2744 scriptum
1173 2669 1230 2741 est,

134 2781 306 2838 mansuetus
329 2780 360 2836 et
381 2774 467 2836 mitis.
483 2769 516 2856 6)
561 2773 679 2838 Sciebat
701 2772 782 2854 quod
804 2771 892 2835 fidem
917 2791 975 2836 rex
1003 2792 1064 2835 non
1093 2781 1230 2837 servaret
1279 2818 1282 2826 .

134 2889 308 2968 promissis3
338 2893 437 2950 tamen
458 2887 615 2951 bonestum
636 2886 758 2968 putabat
779 2892 811 2949 ut
833 2891 958 2969 rogatus
980 2893 1099 2966 oraret,
1128 2887 1229 2951 laesus

135 2999 338 3080 benediceret,
362 3003 508 3082 appetitus
531 3001 705 3064 remitteret.
898 2977 907 3000 ’

222 3110 273 3179 94.
310 3115 437 3178 Proiecit
459 3115 583 3198 virgam,
606 3120 636 3177 et
658 3131 784 3196 serpens
807 3114 902 3178 factus
926 3122 982 3193 cst,
1004 3114 1056 3195 qui
1073 3099 1230 3190 devoravit

136 3234 291 3310 serpentes
307 3228 534 3312 Aegyptiorum,
546 3225 576 3312 7)
599 3229 769 3312 significans
789 3229 874 3311 quod
896 3230 1020 3292 verbum
1043 3246 1114 3292 caro
1134 3229 1230 3308 fieret,

136 3361 214 3424 quae
236 3343 384 3424 serpentis
407 3341 463 3404 diri
485 3361 602 3407 venena
629 3349 771 3408 vacuaret
800 3362 855 3426 per
883 3343 1090 3409 remissionem
1120 3347 1148 3403 et
1179 3341 1230 3402 in-

136 3457 316 3541 dulgentiam
348 3463 547 3538 peccatorum.
603 3459 694 3542 Virga
728 3466 773 3522 est
806 3462 884 3524 enim
917 3459 1041 3522 verbum
1074 3457 1229 3536 directum,

136 3572 250 3654 regale,
272 3571 392 3652 plenum
413 3573 579 3654 potestatis,
601 3574 719 3658 insigne
742 3574 866 3655 imperii.
903 3573 996 3654 Virga
1010 3587 1136 3653 serpens
1153 3570 1229 3632 lacta

138 3692 202 3762 est,
233 3687 373 3766 quoniam
395 3687 445 3768 qui
468 3685 629 3749 eratfilius
653 3667 719 3766 dei,
751 3705 791 3748 ex
820 3684 878 3748 deo
908 3688 993 3766 patre
1020 3687 1122 3762 natus,
1153 3681 1230 3744 filius

139 3795 265 3861 bominis
287 3798 383 3864 iactus
405 3808 469 3880 est,
500 3805 586 3865 natus
608 3817 648 3862 ax
670 3800 805 3882 virgine:
836 3799 886 3880 qui
915 3797 999 3880 quasi
1021 3811 1148 3878 serpens
1170 3814 1230 3857 ex-

145 3963 343 3978 ——n—-—

211 4061 238 4126 1)
264 4061 397 4132 Exodi,
421 4067 544 4136 bbeeqq.
614 4066 642 4130 2)
667 4063 782 4130 lbidil,
806 4065 840 4116 10
857 4079 929 4134 seqq.
998 4064 1028 4133 3)
1050 4062 1161 4126 ibide,
1186 4061 1228 4113 29.

140 4154 168 4218 t)
186 4149 249 4204 lbid.
271 4152 312 4218 to,
332 4153 365 4204 22
383 4166 455 4222 seqq.
492 4156 520 4219 5)
540 4153 602 4206 lbid.
621 4153 661 4217 12,
681 4150 721 4203 29.
759 4151 787 4220 6)
806 4151 879 4204 Num.
894 4151 935 4217 12,
949 4150 973 4206 3.
1008 4150 1037 4218 7)
1055 4147 1230 4214 Evod.7,12.
