<?xml version="1.0" encoding="UTF-8"?>
<!DOCTYPE html PUBLIC "-//W3C//DTD XHTML 1.0 Transitional//EN"
    "http://www.w3.org/TR/xhtml1/DTD/xhtml1-transitional.dtd">
<html xmlns="http://www.w3.org/1999/xhtml" xml:lang="en" lang="en">
 <head>
  <title>
</title>
<meta http-equiv="Content-Type" content="text/html;charset=utf-8" />
  <meta name='ocr-system' content='tesseract 3.04.00' />
  <meta name='ocr-capabilities' content='ocr_page ocr_carea ocr_par ocr_line ocrx_word'/>
</head>
<body>
  <div class='ocr_page' id='page_1' title='image "./deofficiisminis01krabgoog_0066.png"; bbox 0 0 2932 4700; ppageno 0'>
   <div class='ocr_carea' id='block_1_1' title="bbox 417 375 1257 451">
    <p class='ocr_par' dir='ltr' id='par_1_1' title="bbox 417 375 1257 451">
     <span class='ocr_line' id='line_1_1' title="bbox 417 375 1257 451; baseline 0.002 -18"><span class='ocrx_word' id='word_1_1' title='bbox 417 376 463 433; x_wconf 84' lang='lat' dir='ltr'>ns</span> <span class='ocrx_word' id='word_1_2' title='bbox 482 375 616 433; x_wconf 84' lang='lat' dir='ltr'>ornans</span> <span class='ocrx_word' id='word_1_3' title='bbox 636 375 857 432; x_wconf 85' lang='lat' dir='ltr'>vmrsrnonuu</span> <span class='ocrx_word' id='word_1_4' title='bbox 874 376 971 434; x_wconf 81' lang='lat' dir='ltr'>amna</span> <span class='ocrx_word' id='word_1_5' title='bbox 987 379 1007 434; x_wconf 87' lang='lat' dir='ltr'>r.</span> <span class='ocrx_word' id='word_1_6' title='bbox 1216 385 1257 451; x_wconf 84' lang='lat'>53</span> 
     </span>
    </p>
   </div>
   <div class='ocr_carea' id='block_1_2' title="bbox 163 539 1264 2678">
    <p class='ocr_par' dir='ltr' id='par_1_2' title="bbox 168 539 1258 738">
     <span class='ocr_line' id='line_1_2' title="bbox 168 539 1258 626; baseline 0 -20"><span class='ocrx_word' id='word_1_7' title='bbox 168 541 297 626; x_wconf 89' lang='lat' dir='ltr'>populus</span> <span class='ocrx_word' id='word_1_8' title='bbox 320 545 451 624; x_wconf 87' lang='lat' dir='ltr'>spectat,</span> <span class='ocrx_word' id='word_1_9' title='bbox 482 539 577 604; x_wconf 88' lang='lat' dir='ltr'>adbuc</span> <span class='ocrx_word' id='word_1_10' title='bbox 599 541 727 606; x_wconf 83' lang='lat' dir='ltr'>athletae</span> <span class='ocrx_word' id='word_1_11' title='bbox 749 541 780 604; x_wconf 90' lang='lat' dir='ltr'>in</span> <span class='ocrx_word' id='word_1_12' title='bbox 801 545 958 606; x_wconf 86' lang='lat' dir='ltr'>scammate</span> <span class='ocrx_word' id='word_1_13' title='bbox 979 550 1064 623; x_wconf 91' lang='lat' dir='ltr'>sunt,</span> <span class='ocrx_word' id='word_1_14' title='bbox 1097 549 1128 605; x_wconf 93' lang='lat' dir='ltr'>et</span> <span class='ocrx_word' id='word_1_15' title='bbox 1148 549 1180 606; x_wconf 91' lang='lat' dir='ltr'>tu</span> <span class='ocrx_word' id='word_1_16' title='bbox 1201 543 1258 608; x_wconf 89' lang='lat' dir='ltr'>iam</span> 
     </span>
     <span class='ocr_line' id='line_1_3' title="bbox 170 655 390 738; baseline -0.014 -17"><span class='ocrx_word' id='word_1_17' title='bbox 170 658 260 721; x_wconf 92' lang='lat' dir='ltr'>otium</span> <span class='ocrx_word' id='word_1_18' title='bbox 286 655 390 738; x_wconf 79' lang='lat' dir='ltr'>petis?</span> 
     </span>
    </p>

    <p class='ocr_par' dir='ltr' id='par_1_3' title="bbox 166 766 1264 1877">
     <span class='ocr_line' id='line_1_4' title="bbox 256 766 1264 852; baseline -0.007 -18"><span class='ocrx_word' id='word_1_19' title='bbox 256 766 307 834; x_wconf 86' lang='lat'>60.</span> <span class='ocrx_word' id='word_1_20' title='bbox 351 768 410 835; x_wconf 88' lang='lat' dir='ltr'>Sed</span> <span class='ocrx_word' id='word_1_21' title='bbox 426 767 504 833; x_wconf 84' lang='lat' dir='ltr'>forte</span> <span class='ocrx_word' id='word_1_22' title='bbox 520 769 617 833; x_wconf 86' lang='lat' dir='ltr'>dicas:</span> <span class='ocrx_word' id='word_1_23' title='bbox 641 769 700 834; x_wconf 87' lang='lat' dir='ltr'>cur</span> <span class='ocrx_word' id='word_1_24' title='bbox 714 769 793 852; x_wconf 92' lang='lat' dir='ltr'>impii</span> <span class='ocrx_word' id='word_1_25' title='bbox 815 771 971 851; x_wconf 87' lang='lat' dir='ltr'>laetantur,</span> <span class='ocrx_word' id='word_1_26' title='bbox 995 788 1048 835; x_wconf 90' lang='lat' dir='ltr'>our</span> <span class='ocrx_word' id='word_1_27' title='bbox 1062 769 1264 850; x_wconf 84' lang='lat' dir='ltr'>luxuriantur„</span> 
     </span>
     <span class='ocr_line' id='line_1_5' title="bbox 168 883 1258 967; baseline -0.002 -18"><span class='ocrx_word' id='word_1_28' title='bbox 168 903 223 949; x_wconf 90' lang='lat' dir='ltr'>cur</span> <span class='ocrx_word' id='word_1_29' title='bbox 245 885 332 948; x_wconf 86' lang='lat' dir='ltr'>etiam</span> <span class='ocrx_word' id='word_1_30' title='bbox 353 884 409 966; x_wconf 91' lang='lat' dir='ltr'>ipsi</span> <span class='ocrx_word' id='word_1_31' title='bbox 432 900 493 946; x_wconf 95' lang='lat' dir='ltr'>non</span> <span class='ocrx_word' id='word_1_32' title='bbox 516 901 630 946; x_wconf 86' lang='lat' dir='ltr'>mecum</span> <span class='ocrx_word' id='word_1_33' title='bbox 655 883 815 947; x_wconf 82' lang='lat' dir='ltr'>laborant?</span> <span class='ocrx_word' id='word_1_34' title='bbox 860 883 1004 959; x_wconf 82' lang='lat' dir='ltr'><strong>Quoniam</strong></span> <span class='ocrx_word' id='word_1_35' title='bbox 1028 884 1077 967; x_wconf 91' lang='lat' dir='ltr'>qui</span> <span class='ocrx_word' id='word_1_36' title='bbox 1099 902 1160 948; x_wconf 96' lang='lat' dir='ltr'>non</span> <span class='ocrx_word' id='word_1_37' title='bbox 1182 884 1258 947; x_wconf 92' lang='lat' dir='ltr'>sub-</span> 
     </span>
     <span class='ocr_line' id='line_1_6' title="bbox 169 996 1257 1079; baseline -0.002 -17"><span class='ocrx_word' id='word_1_38' title='bbox 169 997 345 1079; x_wconf 83' lang='lat' dir='ltr'><strong>scripserint</strong></span> <span class='ocrx_word' id='word_1_39' title='bbox 367 998 405 1061; x_wconf 88' lang='lat' dir='ltr'>ad</span> <span class='ocrx_word' id='word_1_40' title='bbox 428 1014 588 1076; x_wconf 88' lang='lat' dir='ltr'>coronam,</span> <span class='ocrx_word' id='word_1_41' title='bbox 617 1013 677 1060; x_wconf 94' lang='lat' dir='ltr'>non</span> <span class='ocrx_word' id='word_1_42' title='bbox 699 1003 839 1060; x_wconf 88' lang='lat' dir='ltr'>tenentur</span> <span class='ocrx_word' id='word_1_43' title='bbox 860 996 896 1059; x_wconf 93' lang='lat' dir='ltr'>ad</span> <span class='ocrx_word' id='word_1_44' title='bbox 919 997 1050 1061; x_wconf 88' lang='lat' dir='ltr'>laborem</span> <span class='ocrx_word' id='word_1_45' title='bbox 1073 997 1240 1062; x_wconf 84' lang='lat' dir='ltr'>certaminis</span> <span class='ocrx_word' id='word_1_46' title='bbox 1247 1020 1257 1076; x_wconf 91' lang='lat'>;</span> 
     </span>
     <span class='ocr_line' id='line_1_7' title="bbox 168 1108 1256 1194; baseline 0.003 -22"><span class='ocrx_word' id='word_1_47' title='bbox 168 1112 218 1194; x_wconf 90' lang='lat' dir='ltr'>qui</span> <span class='ocrx_word' id='word_1_48' title='bbox 237 1112 268 1174; x_wconf 91' lang='lat' dir='ltr'>in</span> <span class='ocrx_word' id='word_1_49' title='bbox 285 1109 409 1174; x_wconf 88' lang='lat' dir='ltr'>stadium</span> <span class='ocrx_word' id='word_1_50' title='bbox 427 1127 488 1174; x_wconf 95' lang='lat' dir='ltr'>non</span> <span class='ocrx_word' id='word_1_51' title='bbox 508 1108 725 1190; x_wconf 74' lang='lat' dir='ltr'>descenderint,</span> <span class='ocrx_word' id='word_1_52' title='bbox 749 1126 809 1172; x_wconf 94' lang='lat' dir='ltr'>non</span> <span class='ocrx_word' id='word_1_53' title='bbox 832 1128 866 1174; x_wconf 94' lang='lat' dir='ltr'>se</span> <span class='ocrx_word' id='word_1_54' title='bbox 887 1109 1068 1192; x_wconf 84' lang='lat' dir='ltr'>perfundunt</span> <span class='ocrx_word' id='word_1_55' title='bbox 1092 1112 1171 1192; x_wconf 91' lang='lat' dir='ltr'>oleo,</span> <span class='ocrx_word' id='word_1_56' title='bbox 1194 1129 1256 1175; x_wconf 93' lang='lat' dir='ltr'>non</span> 
     </span>
     <span class='ocr_line' id='line_1_8' title="bbox 168 1222 1257 1308; baseline -0.001 -20"><span class='ocrx_word' id='word_1_57' title='bbox 168 1224 301 1289; x_wconf 80' lang='lat' dir='ltr'><strong>oblinunt</strong></span> <span class='ocrx_word' id='word_1_58' title='bbox 321 1224 454 1306; x_wconf 89' lang='lat' dir='ltr'>pulvere.</span> <span class='ocrx_word' id='word_1_59' title='bbox 498 1222 580 1298; x_wconf 86' lang='lat' dir='ltr'>Quos</span> <span class='ocrx_word' id='word_1_60' title='bbox 603 1229 702 1287; x_wconf 84' lang='lat' dir='ltr'>manat</span> <span class='ocrx_word' id='word_1_61' title='bbox 723 1223 834 1308; x_wconf 80' lang='lat' dir='ltr'>gloria,</span> <span class='ocrx_word' id='word_1_62' title='bbox 858 1231 1011 1305; x_wconf 84' lang='lat' dir='ltr'>exspectat</span> <span class='ocrx_word' id='word_1_63' title='bbox 1032 1226 1146 1290; x_wconf 88' lang='lat' dir='ltr'>iniuria.</span> <span class='ocrx_word' id='word_1_64' title='bbox 1191 1225 1257 1288; x_wconf 92' lang='lat' dir='ltr'>Un-</span> 
     </span>
     <span class='ocr_line' id='line_1_9' title="bbox 167 1337 1257 1422; baseline 0 -20"><span class='ocrx_word' id='word_1_65' title='bbox 167 1339 300 1422; x_wconf 82' lang='lat' dir='ltr'>guentati</span> <span class='ocrx_word' id='word_1_66' title='bbox 322 1345 459 1420; x_wconf 85' lang='lat' dir='ltr'>spectare</span> <span class='ocrx_word' id='word_1_67' title='bbox 482 1337 596 1417; x_wconf 88' lang='lat' dir='ltr'>solent,</span> <span class='ocrx_word' id='word_1_68' title='bbox 626 1353 686 1400; x_wconf 95' lang='lat' dir='ltr'>non</span> <span class='ocrx_word' id='word_1_69' title='bbox 710 1337 882 1414; x_wconf 81' lang='lat' dir='ltr'>decertare3</span> <span class='ocrx_word' id='word_1_70' title='bbox 919 1355 980 1402; x_wconf 95' lang='lat' dir='ltr'>non</span> <span class='ocrx_word' id='word_1_71' title='bbox 1006 1339 1118 1419; x_wconf 90' lang='lat' dir='ltr'>solem,</span> <span class='ocrx_word' id='word_1_72' title='bbox 1147 1345 1257 1420; x_wconf 88' lang='lat' dir='ltr'>aestus,</span> 
     </span>
     <span class='ocr_line' id='line_1_10' title="bbox 167 1452 1257 1536; baseline -0.001 -21"><span class='ocrx_word' id='word_1_73' title='bbox 167 1452 321 1536; x_wconf 87' lang='lat' dir='ltr'>pulvorem</span> <span class='ocrx_word' id='word_1_74' title='bbox 355 1453 524 1533; x_wconf 87' lang='lat' dir='ltr'>imbresque</span> <span class='ocrx_word' id='word_1_75' title='bbox 558 1453 682 1533; x_wconf 87' lang='lat' dir='ltr'>perpeti.</span> <span class='ocrx_word' id='word_1_76' title='bbox 728 1452 833 1514; x_wconf 87' lang='lat' dir='ltr'>Dicant</span> <span class='ocrx_word' id='word_1_77' title='bbox 861 1469 936 1536; x_wconf 83' lang='lat' dir='ltr'>ergo</span> <span class='ocrx_word' id='word_1_78' title='bbox 960 1458 989 1515; x_wconf 89' lang='lat' dir='ltr'>et</span> <span class='ocrx_word' id='word_1_79' title='bbox 1011 1454 1082 1534; x_wconf 92' lang='lat' dir='ltr'>ipsis</span> <span class='ocrx_word' id='word_1_80' title='bbox 1115 1452 1257 1516; x_wconf 86' lang='lat' dir='ltr'>athletae:</span> 
     </span>
     <span class='ocr_line' id='line_1_11' title="bbox 166 1564 1257 1649; baseline -0.001 -18"><span class='ocrx_word' id='word_1_81' title='bbox 166 1567 283 1646; x_wconf 82' lang='lat' dir='ltr'>Venite,</span> <span class='ocrx_word' id='word_1_82' title='bbox 300 1567 453 1630; x_wconf 88' lang='lat' dir='ltr'>nobiscum</span> <span class='ocrx_word' id='word_1_83' title='bbox 473 1566 613 1629; x_wconf 90' lang='lat' dir='ltr'>laborate.</span> <span class='ocrx_word' id='word_1_84' title='bbox 652 1564 711 1630; x_wconf 89' lang='lat' dir='ltr'>Sed</span> <span class='ocrx_word' id='word_1_85' title='bbox 726 1565 952 1649; x_wconf 88' lang='lat' dir='ltr'>respondebunt</span> <span class='ocrx_word' id='word_1_86' title='bbox 971 1574 1170 1648; x_wconf 81' lang='lat' dir='ltr'>spectatores:</span> <span class='ocrx_word' id='word_1_87' title='bbox 1194 1567 1257 1632; x_wconf 88' lang='lat' dir='ltr'>Nos</span> 
     </span>
     <span class='ocr_line' id='line_1_12' title="bbox 166 1678 1257 1763; baseline 0.001 -20"><span class='ocrx_word' id='word_1_88' title='bbox 166 1681 216 1743; x_wconf 88' lang='lat' dir='ltr'>bio</span> <span class='ocrx_word' id='word_1_89' title='bbox 229 1681 346 1744; x_wconf 88' lang='lat' dir='ltr'>interim</span> <span class='ocrx_word' id='word_1_90' title='bbox 361 1678 398 1743; x_wconf 92' lang='lat' dir='ltr'>de</span> <span class='ocrx_word' id='word_1_91' title='bbox 414 1681 500 1743; x_wconf 91' lang='lat' dir='ltr'>vobis</span> <span class='ocrx_word' id='word_1_92' title='bbox 516 1681 694 1758; x_wconf 85' lang='lat' dir='ltr'>iudicamus3</span> <span class='ocrx_word' id='word_1_93' title='bbox 718 1699 774 1745; x_wconf 92' lang='lat' dir='ltr'>vos</span> <span class='ocrx_word' id='word_1_94' title='bbox 796 1688 894 1746; x_wconf 91' lang='lat' dir='ltr'>autem</span> <span class='ocrx_word' id='word_1_95' title='bbox 916 1683 981 1746; x_wconf 90' lang='lat' dir='ltr'>sine</span> <span class='ocrx_word' id='word_1_96' title='bbox 1005 1683 1092 1746; x_wconf 90' lang='lat' dir='ltr'>nobis</span> <span class='ocrx_word' id='word_1_97' title='bbox 1116 1698 1257 1763; x_wconf 91' lang='lat' dir='ltr'>coronae,</span> 
     </span>
     <span class='ocr_line' id='line_1_13' title="bbox 167 1793 724 1877; baseline -0.016 -17"><span class='ocrx_word' id='word_1_98' title='bbox 167 1795 194 1860; x_wconf 92' lang='lat' dir='ltr'>si</span> <span class='ocrx_word' id='word_1_99' title='bbox 215 1795 361 1874; x_wconf 90' lang='lat' dir='ltr'>viceritis,</span> <span class='ocrx_word' id='word_1_100' title='bbox 385 1794 510 1877; x_wconf 76' lang='lat' dir='ltr'>gloriam</span> <span class='ocrx_word' id='word_1_101' title='bbox 533 1793 724 1858; x_wconf 82' lang='lat' dir='ltr'>vindicabitis.</span> 
     </span>
    </p>

    <p class='ocr_par' dir='ltr' id='par_1_4' title="bbox 163 1905 1257 2678">
     <span class='ocr_line' id='line_1_14' title="bbox 254 1905 1257 1991; baseline 0 -19"><span class='ocrx_word' id='word_1_102' title='bbox 254 1905 304 1972; x_wconf 89' lang='grc'>61.</span> <span class='ocrx_word' id='word_1_103' title='bbox 349 1907 399 1970; x_wconf 88' lang='lat' dir='ltr'>Isti</span> <span class='ocrx_word' id='word_1_104' title='bbox 421 1908 527 1990; x_wconf 78' lang='lat' dir='ltr'>igitur,</span> <span class='ocrx_word' id='word_1_105' title='bbox 551 1908 600 1989; x_wconf 90' lang='lat' dir='ltr'>qui</span> <span class='ocrx_word' id='word_1_106' title='bbox 623 1909 653 1971; x_wconf 93' lang='lat' dir='ltr'>in</span> <span class='ocrx_word' id='word_1_107' title='bbox 676 1908 804 1990; x_wconf 86' lang='lat' dir='ltr'>deliciis,</span> <span class='ocrx_word' id='word_1_108' title='bbox 836 1910 887 1991; x_wconf 93' lang='lat' dir='ltr'>qui</span> <span class='ocrx_word' id='word_1_109' title='bbox 916 1910 946 1971; x_wconf 93' lang='lat' dir='ltr'>in</span> <span class='ocrx_word' id='word_1_110' title='bbox 972 1909 1107 1990; x_wconf 87' lang='lat' dir='ltr'>luxuria,</span> <span class='ocrx_word' id='word_1_111' title='bbox 1136 1909 1257 1991; x_wconf 83' lang='lat' dir='ltr'>rapinis,</span> 
     </span>
     <span class='ocr_line' id='line_1_15' title="bbox 167 2019 1257 2107; baseline 0.003 -23"><span class='ocrx_word' id='word_1_112' title='bbox 167 2023 354 2103; x_wconf 86' lang='lat' dir='ltr'>quaestibus,</span> <span class='ocrx_word' id='word_1_113' title='bbox 377 2019 540 2084; x_wconf 91' lang='lat' dir='ltr'>honoribus</span> <span class='ocrx_word' id='word_1_114' title='bbox 563 2021 659 2086; x_wconf 90' lang='lat' dir='ltr'>studia</span> <span class='ocrx_word' id='word_1_115' title='bbox 683 2030 848 2105; x_wconf 89' lang='lat' dir='ltr'>posuerunt</span> <span class='ocrx_word' id='word_1_116' title='bbox 863 2041 932 2102; x_wconf 88' lang='lat' dir='ltr'>sua,</span> <span class='ocrx_word' id='word_1_117' title='bbox 956 2030 1140 2104; x_wconf 87' lang='lat' dir='ltr'>spectatores</span> <span class='ocrx_word' id='word_1_118' title='bbox 1162 2024 1257 2107; x_wconf 80' lang='lat' dir='ltr'>magis</span> 
     </span>
     <span class='ocr_line' id='line_1_16' title="bbox 166 2134 1256 2218; baseline -0.002 -16"><span class='ocrx_word' id='word_1_119' title='bbox 166 2143 251 2218; x_wconf 93' lang='lat' dir='ltr'>sunt,</span> <span class='ocrx_word' id='word_1_120' title='bbox 275 2154 361 2218; x_wconf 94' lang='lat' dir='ltr'>quam</span> <span class='ocrx_word' id='word_1_121' title='bbox 383 2134 589 2217; x_wconf 86' lang='lat' dir='ltr'>proeliatores.</span> <span class='ocrx_word' id='word_1_122' title='bbox 628 2137 743 2200; x_wconf 89' lang='lat' dir='ltr'>Habent</span> <span class='ocrx_word' id='word_1_123' title='bbox 757 2137 869 2199; x_wconf 87' lang='lat' dir='ltr'>tuorum</span> <span class='ocrx_word' id='word_1_124' title='bbox 892 2137 1019 2216; x_wconf 91' lang='lat' dir='ltr'>laboris,</span> <span class='ocrx_word' id='word_1_125' title='bbox 1043 2136 1168 2201; x_wconf 80' lang='lat' dir='ltr'>fructum</span> <span class='ocrx_word' id='word_1_126' title='bbox 1191 2139 1256 2200; x_wconf 91' lang='lat' dir='ltr'>vir-</span> 
     </span>
     <span class='ocr_line' id='line_1_17' title="bbox 166 2250 1256 2336; baseline 0.002 -22"><span class='ocrx_word' id='word_1_127' title='bbox 166 2251 235 2314; x_wconf 92' lang='lat' dir='ltr'>tutis</span> <span class='ocrx_word' id='word_1_128' title='bbox 265 2269 327 2315; x_wconf 94' lang='lat' dir='ltr'>non</span> <span class='ocrx_word' id='word_1_129' title='bbox 356 2250 472 2316; x_wconf 88' lang='lat' dir='ltr'>babent.</span> <span class='ocrx_word' id='word_1_130' title='bbox 516 2251 631 2314; x_wconf 85' lang='lat' dir='ltr'>Fovent</span> <span class='ocrx_word' id='word_1_131' title='bbox 664 2254 770 2332; x_wconf 91' lang='lat' dir='ltr'>otium,</span> <span class='ocrx_word' id='word_1_132' title='bbox 803 2252 908 2314; x_wconf 88' lang='lat' dir='ltr'>astutia</span> <span class='ocrx_word' id='word_1_133' title='bbox 930 2259 959 2314; x_wconf 88' lang='lat' dir='ltr'>et</span> <span class='ocrx_word' id='word_1_134' title='bbox 990 2253 1167 2334; x_wconf 86' lang='lat' dir='ltr'>inprobitate</span> <span class='ocrx_word' id='word_1_135' title='bbox 1197 2271 1256 2336; x_wconf 85' lang='lat' dir='ltr'>ag-</span> 
     </span>
     <span class='ocr_line' id='line_1_18' title="bbox 163 2365 1254 2452; baseline 0.002 -23"><span class='ocrx_word' id='word_1_136' title='bbox 163 2374 271 2452; x_wconf 84' lang='lat' dir='ltr'>gerant</span> <span class='ocrx_word' id='word_1_137' title='bbox 294 2365 459 2430; x_wconf 90' lang='lat' dir='ltr'>divitiarum</span> <span class='ocrx_word' id='word_1_138' title='bbox 481 2385 625 2445; x_wconf 81' lang='lat' dir='ltr'>acervos3</span> <span class='ocrx_word' id='word_1_139' title='bbox 659 2368 713 2430; x_wconf 89' lang='lat' dir='ltr'>sed</span> <span class='ocrx_word' id='word_1_140' title='bbox 737 2367 909 2449; x_wconf 87' lang='lat' dir='ltr'>exsolvent,</span> <span class='ocrx_word' id='word_1_141' title='bbox 945 2386 1043 2432; x_wconf 92' lang='lat' dir='ltr'>seram</span> <span class='ocrx_word' id='word_1_142' title='bbox 1073 2366 1161 2448; x_wconf 89' lang='lat' dir='ltr'>licet,</span> <span class='ocrx_word' id='word_1_143' title='bbox 1194 2385 1254 2431; x_wconf 92' lang='lat' dir='ltr'>ne-</span> 
     </span>
     <span class='ocr_line' id='line_1_19' title="bbox 165 2481 1253 2564; baseline 0.001 -20"><span class='ocrx_word' id='word_1_144' title='bbox 165 2481 274 2564; x_wconf 89' lang='lat' dir='ltr'>quitiae</span> <span class='ocrx_word' id='word_1_145' title='bbox 305 2497 379 2545; x_wconf 91' lang='lat' dir='ltr'>suae</span> <span class='ocrx_word' id='word_1_146' title='bbox 407 2499 543 2563; x_wconf 89' lang='lat' dir='ltr'>poenam.</span> <span class='ocrx_word' id='word_1_147' title='bbox 588 2481 698 2544; x_wconf 89' lang='lat' dir='ltr'>Horum</span> <span class='ocrx_word' id='word_1_148' title='bbox 727 2483 848 2564; x_wconf 90' lang='lat' dir='ltr'>requies</span> <span class='ocrx_word' id='word_1_149' title='bbox 878 2483 908 2545; x_wconf 92' lang='lat' dir='ltr'>in</span> <span class='ocrx_word' id='word_1_150' title='bbox 936 2481 1076 2562; x_wconf 79' lang='lat' dir='ltr'>internis,</span> <span class='ocrx_word' id='word_1_151' title='bbox 1100 2487 1149 2544; x_wconf 90' lang='lat' dir='ltr'>tua</span> <span class='ocrx_word' id='word_1_152' title='bbox 1179 2499 1253 2545; x_wconf 90' lang='lat' dir='ltr'>vero</span> 
     </span>
     <span class='ocr_line' id='line_1_20' title="bbox 163 2593 1254 2678; baseline 0.003 -22"><span class='ocrx_word' id='word_1_153' title='bbox 163 2595 194 2656; x_wconf 94' lang='lat' dir='ltr'>in</span> <span class='ocrx_word' id='word_1_154' title='bbox 217 2593 317 2671; x_wconf 87' lang='lat' dir='ltr'>caelo;</span> <span class='ocrx_word' id='word_1_155' title='bbox 348 2594 453 2656; x_wconf 92' lang='lat' dir='ltr'>horum</span> <span class='ocrx_word' id='word_1_156' title='bbox 477 2593 581 2658; x_wconf 93' lang='lat' dir='ltr'>domus</span> <span class='ocrx_word' id='word_1_157' title='bbox 604 2594 633 2656; x_wconf 94' lang='lat' dir='ltr'>in</span> <span class='ocrx_word' id='word_1_158' title='bbox 657 2593 831 2678; x_wconf 90' lang='lat' dir='ltr'>sepulchro,</span> <span class='ocrx_word' id='word_1_159' title='bbox 855 2601 904 2658; x_wconf 91' lang='lat' dir='ltr'>tua</span> <span class='ocrx_word' id='word_1_160' title='bbox 926 2596 957 2658; x_wconf 94' lang='lat' dir='ltr'>in</span> <span class='ocrx_word' id='word_1_161' title='bbox 978 2595 1125 2678; x_wconf 89' lang='lat' dir='ltr'>paradiso.</span> <span class='ocrx_word' id='word_1_162' title='bbox 1170 2595 1254 2659; x_wconf 88' lang='lat' dir='ltr'>Unde</span> 
     </span>
    </p>
   </div>
   <div class='ocr_carea' id='block_1_3' title="bbox 163 2705 1373 2792">
    <p class='ocr_par' dir='ltr' id='par_1_5' title="bbox 163 2705 1373 2792">
     <span class='ocr_line' id='line_1_21' title="bbox 163 2705 1373 2792; baseline 0 -21"><span class='ocrx_word' id='word_1_163' title='bbox 163 2708 286 2792; x_wconf 88' lang='lat' dir='ltr'>pulchre</span> <span class='ocrx_word' id='word_1_164' title='bbox 315 2707 439 2791; x_wconf 84' lang='lat' dir='ltr'>vigilare</span> <span class='ocrx_word' id='word_1_165' title='bbox 471 2723 525 2770; x_wconf 89' lang='lat' dir='ltr'>eos</span> <span class='ocrx_word' id='word_1_166' title='bbox 557 2708 588 2768; x_wconf 91' lang='lat' dir='ltr'>in</span> <span class='ocrx_word' id='word_1_167' title='bbox 620 2708 731 2772; x_wconf 90' lang='lat' dir='ltr'>tumulo</span> <span class='ocrx_word' id='word_1_168' title='bbox 761 2707 812 2771; x_wconf 87' lang='lat' dir='ltr'>tob</span> <span class='ocrx_word' id='word_1_169' title='bbox 844 2707 931 2788; x_wconf 85' lang='lat' dir='ltr'>dixit,</span> <span class='ocrx_word' id='word_1_170' title='bbox 950 2705 980 2792; x_wconf 88' lang='lat'>¹)</span> <span class='ocrx_word' id='word_1_171' title='bbox 1015 2709 1084 2790; x_wconf 89' lang='lat' dir='ltr'>quia</span> <span class='ocrx_word' id='word_1_172' title='bbox 1112 2727 1252 2790; x_wconf 90' lang='lat' dir='ltr'>soporem</span> <span class='ocrx_word' id='word_1_173' title='bbox 1369 2765 1373 2780; x_wconf 89' lang='grc'>,</span> 
     </span>
    </p>
   </div>
   <div class='ocr_carea' id='block_1_4' title="bbox 162 2821 1293 3938">
    <p class='ocr_par' dir='ltr' id='par_1_6' title="bbox 164 2821 1251 2906">
     <span class='ocr_line' id='line_1_22' title="bbox 164 2821 1251 2906; baseline 0.001 -20"><span class='ocrx_word' id='word_1_174' title='bbox 164 2823 271 2906; x_wconf 90' lang='lat' dir='ltr'>quietis</span> <span class='ocrx_word' id='word_1_175' title='bbox 293 2821 405 2885; x_wconf 89' lang='lat' dir='ltr'>babere</span> <span class='ocrx_word' id='word_1_176' title='bbox 427 2839 488 2884; x_wconf 95' lang='lat' dir='ltr'>non</span> <span class='ocrx_word' id='word_1_177' title='bbox 510 2828 644 2903; x_wconf 92' lang='lat' dir='ltr'>possunt,</span> <span class='ocrx_word' id='word_1_178' title='bbox 669 2841 755 2904; x_wconf 91' lang='lat' dir='ltr'>quem</span> <span class='ocrx_word' id='word_1_179' title='bbox 772 2823 822 2885; x_wconf 88' lang='lat' dir='ltr'>ille</span> <span class='ocrx_word' id='word_1_180' title='bbox 838 2822 985 2904; x_wconf 87' lang='lat' dir='ltr'>dormivit,</span> <span class='ocrx_word' id='word_1_181' title='bbox 1008 2824 1057 2903; x_wconf 95' lang='lat' dir='ltr'>qui</span> <span class='ocrx_word' id='word_1_182' title='bbox 1079 2825 1251 2887; x_wconf 84' lang='lat' dir='ltr'>resurrexit.</span> 
     </span>
    </p>

    <p class='ocr_par' dir='ltr' id='par_1_7' title="bbox 162 2934 1293 3823">
     <span class='ocr_line' id='line_1_23' title="bbox 252 2934 1252 3020; baseline 0 -20"><span class='ocrx_word' id='word_1_183' title='bbox 252 2934 302 3001; x_wconf 80' lang='lat'>62.</span> <span class='ocrx_word' id='word_1_184' title='bbox 347 2937 414 2999; x_wconf 89' lang='lat' dir='ltr'>Noti</span> <span class='ocrx_word' id='word_1_185' title='bbox 442 2936 533 3018; x_wconf 87' lang='lat' dir='ltr'>igitur</span> <span class='ocrx_word' id='word_1_186' title='bbox 554 2942 586 2999; x_wconf 93' lang='lat' dir='ltr'>ut</span> <span class='ocrx_word' id='word_1_187' title='bbox 607 2938 748 3019; x_wconf 85' lang='lat' dir='ltr'>parvulus</span> <span class='ocrx_word' id='word_1_188' title='bbox 778 2955 901 3020; x_wconf 89' lang='lat' dir='ltr'>sapere,</span> <span class='ocrx_word' id='word_1_189' title='bbox 933 2945 965 3000; x_wconf 93' lang='lat' dir='ltr'>ut</span> <span class='ocrx_word' id='word_1_190' title='bbox 993 2939 1132 3020; x_wconf 88' lang='lat' dir='ltr'>parvulus</span> <span class='ocrx_word' id='word_1_191' title='bbox 1161 2938 1252 3020; x_wconf 93' lang='lat' dir='ltr'>loqui,</span> 
     </span>
     <span class='ocr_line' id='line_1_24' title="bbox 164 3052 1253 3135; baseline -0.001 -19"><span class='ocrx_word' id='word_1_192' title='bbox 164 3060 195 3117; x_wconf 93' lang='lat' dir='ltr'>ut</span> <span class='ocrx_word' id='word_1_193' title='bbox 225 3053 365 3135; x_wconf 89' lang='lat' dir='ltr'>parvulus</span> <span class='ocrx_word' id='word_1_194' title='bbox 397 3052 547 3133; x_wconf 83' lang='lat' dir='ltr'>cogitare,</span> <span class='ocrx_word' id='word_1_195' title='bbox 580 3058 613 3114; x_wconf 89' lang='lat' dir='ltr'>ut</span> <span class='ocrx_word' id='word_1_196' title='bbox 643 3053 781 3134; x_wconf 88' lang='lat' dir='ltr'>parvulus</span> <span class='ocrx_word' id='word_1_197' title='bbox 811 3053 961 3116; x_wconf 90' lang='lat' dir='ltr'>vindicare</span> <span class='ocrx_word' id='word_1_198' title='bbox 991 3072 1042 3132; x_wconf 88' lang='lat' dir='ltr'>ea,</span> <span class='ocrx_word' id='word_1_199' title='bbox 1077 3071 1152 3135; x_wconf 89' lang='lat' dir='ltr'>quae</span> <span class='ocrx_word' id='word_1_200' title='bbox 1185 3059 1253 3116; x_wconf 89' lang='lat' dir='ltr'>sunt</span> 
     </span>
     <span class='ocr_line' id='line_1_25' title="bbox 163 3167 1252 3256; baseline 0 -24"><span class='ocrx_word' id='word_1_201' title='bbox 163 3167 340 3251; x_wconf 89' lang='lat' dir='ltr'>posterioris</span> <span class='ocrx_word' id='word_1_202' title='bbox 371 3169 482 3231; x_wconf 88' lang='lat' dir='ltr'>aetatis.</span> <span class='ocrx_word' id='word_1_203' title='bbox 533 3167 734 3231; x_wconf 87' lang='lat' dir='ltr'>Perfectorum</span> <span class='ocrx_word' id='word_1_204' title='bbox 768 3175 814 3231; x_wconf 91' lang='lat' dir='ltr'>est</span> <span class='ocrx_word' id='word_1_205' title='bbox 846 3187 967 3232; x_wconf 90' lang='lat' dir='ltr'>corona.</span> <span class='ocrx_word' id='word_1_206' title='bbox 1023 3168 1201 3256; x_wconf 59' lang='lat' dir='ltr'>Exspecta„</span> <span class='ocrx_word' id='word_1_207' title='bbox 1220 3177 1252 3234; x_wconf 94' lang='lat' dir='ltr'>ut</span> 
     </span>
     <span class='ocr_line' id='line_1_26' title="bbox 163 3281 1251 3365; baseline -0.002 -17"><span class='ocrx_word' id='word_1_208' title='bbox 163 3283 280 3365; x_wconf 88' lang='lat' dir='ltr'>veniat,</span> <span class='ocrx_word' id='word_1_209' title='bbox 303 3282 383 3365; x_wconf 93' lang='lat' dir='ltr'>quod</span> <span class='ocrx_word' id='word_1_210' title='bbox 406 3281 570 3365; x_wconf 86' lang='lat' dir='ltr'>perfectum</span> <span class='ocrx_word' id='word_1_211' title='bbox 587 3289 649 3364; x_wconf 86' lang='lat' dir='ltr'>est,</span> <span class='ocrx_word' id='word_1_212' title='bbox 672 3282 791 3365; x_wconf 87' lang='lat' dir='ltr'>quando</span> <span class='ocrx_word' id='word_1_213' title='bbox 814 3301 875 3346; x_wconf 93' lang='lat' dir='ltr'>non</span> <span class='ocrx_word' id='word_1_214' title='bbox 898 3303 953 3365; x_wconf 91' lang='lat' dir='ltr'>per</span> <span class='ocrx_word' id='word_1_215' title='bbox 974 3285 1103 3364; x_wconf 87' lang='lat' dir='ltr'>speciem</span> <span class='ocrx_word' id='word_1_216' title='bbox 1119 3284 1150 3347; x_wconf 93' lang='lat' dir='ltr'>in</span> <span class='ocrx_word' id='word_1_217' title='bbox 1164 3285 1251 3346; x_wconf 89' lang='lat' dir='ltr'>aeni-</span> 
     </span>
     <span class='ocr_line' id='line_1_27' title="bbox 163 3396 1250 3485; baseline 0 -24"><span class='ocrx_word' id='word_1_218' title='bbox 163 3404 278 3485; x_wconf 87' lang='lat' dir='ltr'>gmate,</span> <span class='ocrx_word' id='word_1_219' title='bbox 300 3397 354 3462; x_wconf 90' lang='lat' dir='ltr'>sed</span> <span class='ocrx_word' id='word_1_220' title='bbox 373 3396 449 3463; x_wconf 89' lang='lat' dir='ltr'>facie</span> <span class='ocrx_word' id='word_1_221' title='bbox 472 3399 634 3463; x_wconf 84' lang='lat' dir='ltr'>adfaciem</span> <span class='ocrx_word' id='word_1_222' title='bbox 657 3399 780 3462; x_wconf 83' lang='lat' dir='ltr'>sormam</span> <span class='ocrx_word' id='word_1_223' title='bbox 803 3400 895 3480; x_wconf 89' lang='lat' dir='ltr'>ipsam</span> <span class='ocrx_word' id='word_1_224' title='bbox 917 3397 1095 3479; x_wconf 84' lang='lat' dir='ltr'>redopertae</span> <span class='ocrx_word' id='word_1_225' title='bbox 1117 3397 1250 3461; x_wconf 84' lang='lat' dir='ltr'>veritatis</span> 
     </span>
     <span class='ocr_line' id='line_1_28' title="bbox 162 3510 1250 3598; baseline -0.005 -20"><span class='ocrx_word' id='word_1_226' title='bbox 162 3514 261 3597; x_wconf 91' lang='lat' dir='ltr'>possis</span> <span class='ocrx_word' id='word_1_227' title='bbox 295 3531 489 3598; x_wconf 82' lang='lat' dir='ltr'>cognoscere.</span> <span class='ocrx_word' id='word_1_228' title='bbox 543 3515 626 3578; x_wconf 84' lang='lat' dir='ltr'>Tunc</span> <span class='ocrx_word' id='word_1_229' title='bbox 659 3533 717 3596; x_wconf 93' lang='lat' dir='ltr'>qua</span> <span class='ocrx_word' id='word_1_230' title='bbox 748 3530 837 3576; x_wconf 87' lang='lat' dir='ltr'>causa</span> <span class='ocrx_word' id='word_1_231' title='bbox 868 3513 918 3575; x_wconf 89' lang='lat' dir='ltr'>ille</span> <span class='ocrx_word' id='word_1_232' title='bbox 948 3511 1031 3574; x_wconf 89' lang='lat' dir='ltr'>dives</span> <span class='ocrx_word' id='word_1_233' title='bbox 1062 3510 1166 3591; x_wconf 84' lang='lat' dir='ltr'>fuerit,</span> <span class='ocrx_word' id='word_1_234' title='bbox 1200 3512 1250 3593; x_wconf 94' lang='lat' dir='ltr'>qui</span> 
     </span>
     <span class='ocr_line' id='line_1_29' title="bbox 164 3625 1293 3711; baseline 0.001 -19"><span class='ocrx_word' id='word_1_235' title='bbox 164 3634 228 3692; x_wconf 89' lang='lat' dir='ltr'>erat</span> <span class='ocrx_word' id='word_1_236' title='bbox 250 3629 391 3710; x_wconf 92' lang='lat' dir='ltr'>inprobus</span> <span class='ocrx_word' id='word_1_237' title='bbox 415 3635 443 3690; x_wconf 89' lang='lat' dir='ltr'>et</span> <span class='ocrx_word' id='word_1_238' title='bbox 466 3636 568 3711; x_wconf 90' lang='lat' dir='ltr'>raptor</span> <span class='ocrx_word' id='word_1_239' title='bbox 592 3629 695 3708; x_wconf 86' lang='lat' dir='ltr'>alieni,</span> <span class='ocrx_word' id='word_1_240' title='bbox 727 3647 785 3711; x_wconf 89' lang='lat' dir='ltr'>qua</span> <span class='ocrx_word' id='word_1_241' title='bbox 816 3645 903 3690; x_wconf 85' lang='lat' dir='ltr'>causa</span> <span class='ocrx_word' id='word_1_242' title='bbox 931 3633 1038 3708; x_wconf 89' lang='lat' dir='ltr'>potens</span> <span class='ocrx_word' id='word_1_243' title='bbox 1069 3625 1159 3706; x_wconf 92' lang='lat' dir='ltr'>alius,</span> <span class='ocrx_word' id='word_1_244' title='bbox 1191 3645 1250 3708; x_wconf 85' lang='lat' dir='ltr'>qua</span> <span class='ocrx_word' id='word_1_245' title='bbox 1288 3674 1293 3693; x_wconf 60' lang='lat'><em>0</em></span> 
     </span>
     <span class='ocr_line' id='line_1_30' title="bbox 164 3740 1247 3823; baseline -0.002 -17"><span class='ocrx_word' id='word_1_246' title='bbox 164 3761 252 3808; x_wconf 87' lang='lat' dir='ltr'>causa</span> <span class='ocrx_word' id='word_1_247' title='bbox 274 3742 322 3806; x_wconf 89' lang='lat' dir='ltr'>ille</span> <span class='ocrx_word' id='word_1_248' title='bbox 345 3742 538 3806; x_wconf 87' lang='lat' dir='ltr'>abundaverit</span> <span class='ocrx_word' id='word_1_249' title='bbox 558 3743 669 3823; x_wconf 91' lang='lat' dir='ltr'>liberis,</span> <span class='ocrx_word' id='word_1_250' title='bbox 691 3743 741 3806; x_wconf 92' lang='lat' dir='ltr'>ille</span> <span class='ocrx_word' id='word_1_251' title='bbox 761 3741 852 3805; x_wconf 85' lang='lat' dir='ltr'>fultus</span> <span class='ocrx_word' id='word_1_252' title='bbox 867 3741 1039 3820; x_wconf 89' lang='lat' dir='ltr'>honoribus,</span> <span class='ocrx_word' id='word_1_253' title='bbox 1062 3740 1247 3805; x_wconf 87' lang='lat' dir='ltr'>revelabitur.</span> 
     </span>
    </p>

    <p class='ocr_par' dir='ltr' id='par_1_8' title="bbox 250 3853 1248 3938">
     <span class='ocr_line' id='line_1_31' title="bbox 250 3853 1248 3938; baseline -0.002 -18"><span class='ocrx_word' id='word_1_254' title='bbox 250 3854 299 3920; x_wconf 89' lang='grc'>63.</span> <span class='ocrx_word' id='word_1_255' title='bbox 344 3857 483 3920; x_wconf 81' lang='lat' dir='ltr'>Fortasse</span> <span class='ocrx_word' id='word_1_256' title='bbox 504 3863 536 3919; x_wconf 91' lang='lat' dir='ltr'>ut</span> <span class='ocrx_word' id='word_1_257' title='bbox 558 3855 670 3919; x_wconf 88' lang='lat' dir='ltr'>dicatur</span> <span class='ocrx_word' id='word_1_258' title='bbox 692 3855 818 3938; x_wconf 91' lang='lat' dir='ltr'>raptori:</span> <span class='ocrx_word' id='word_1_259' title='bbox 849 3853 940 3915; x_wconf 89' lang='lat' dir='ltr'>Dives</span> <span class='ocrx_word' id='word_1_260' title='bbox 966 3869 1051 3933; x_wconf 90' lang='lat' dir='ltr'>eras,</span> <span class='ocrx_word' id='word_1_261' title='bbox 1078 3871 1136 3935; x_wconf 89' lang='lat' dir='ltr'>qua</span> <span class='ocrx_word' id='word_1_262' title='bbox 1159 3871 1248 3918; x_wconf 88' lang='lat' dir='ltr'>causa</span> 
     </span>
    </p>
   </div>
   <div class='ocr_carea' id='block_1_5' title="bbox 165 3967 1246 4055">
    <p class='ocr_par' dir='ltr' id='par_1_9' title="bbox 165 3967 1246 4055">
     <span class='ocr_line' id='line_1_32' title="bbox 165 3967 1246 4055; baseline -0.005 -19"><span class='ocrx_word' id='word_1_263' title='bbox 165 3972 260 4036; x_wconf 88' lang='lat' dir='ltr'>atiena</span> <span class='ocrx_word' id='word_1_264' title='bbox 290 3970 454 4053; x_wconf 82' lang='lat' dir='ltr'>rapiebas?</span> <span class='ocrx_word' id='word_1_265' title='bbox 497 3971 623 4055; x_wconf 83' lang='lat' dir='ltr'>Egestas</span> <span class='ocrx_word' id='word_1_266' title='bbox 654 3989 715 4035; x_wconf 94' lang='lat' dir='ltr'>non</span> <span class='ocrx_word' id='word_1_267' title='bbox 746 3969 899 4055; x_wconf 86' lang='lat' dir='ltr'>compulit,</span> <span class='ocrx_word' id='word_1_268' title='bbox 930 3967 1027 4054; x_wconf 90' lang='lat' dir='ltr'>inopia</span> <span class='ocrx_word' id='word_1_269' title='bbox 1049 3985 1109 4034; x_wconf 94' lang='lat' dir='ltr'>non</span> <span class='ocrx_word' id='word_1_270' title='bbox 1140 3970 1246 4055; x_wconf 84' lang='lat' dir='ltr'>coegit.</span> 
     </span>
    </p>
   </div>
   <div class='ocr_carea' id='block_1_6' title="bbox 164 4127 369 4138">
    <p class='ocr_par' dir='ltr' id='par_1_10' title="bbox 164 4127 369 4138">
     <span class='ocr_line' id='line_1_33' title="bbox 164 4127 369 4138; baseline 0 -4"><span class='ocrx_word' id='word_1_271' title='bbox 164 4127 369 4138; x_wconf 72' lang='lat'><em>-..-.-—.....</em></span> 
     </span>
    </p>
   </div>
   <div class='ocr_carea' id='block_1_7' title="bbox 234 4213 453 4284">
    <p class='ocr_par' dir='ltr' id='par_1_11' title="bbox 234 4213 453 4284">
     <span class='ocr_line' id='line_1_34' title="bbox 234 4213 453 4284; baseline 0 -15"><span class='ocrx_word' id='word_1_272' title='bbox 234 4215 260 4284; x_wconf 89' lang='lat'>1)</span> <span class='ocrx_word' id='word_1_273' title='bbox 278 4213 330 4268; x_wconf 79' lang='lat' dir='ltr'>roo.</span> <span class='ocrx_word' id='word_1_274' title='bbox 349 4214 393 4284; x_wconf 82' lang='lat'>21,</span> <span class='ocrx_word' id='word_1_275' title='bbox 411 4214 453 4269; x_wconf 81' lang='lat' dir='ltr'>aa.</span> 
     </span>
    </p>
   </div>
   <div class='ocr_carea' id='block_1_8' title="bbox 0 0 1470 4700">
    <p class='ocr_par' dir='ltr' id='par_1_12' title="bbox 0 0 1470 4700">
     <span class='ocr_line' id='line_1_35' title="bbox 0 0 1470 4700; baseline 0 0"><span class='ocrx_word' id='word_1_276' title='bbox 0 0 1470 4700; x_wconf 95' lang='lat' dir='ltr'> </span> 
     </span>
    </p>
   </div>
  </div>
 </body>
</html>
