2932 4700
177 369 221 436 ¹10
447 366 449 372 ·
517 443 520 448 Ι
621 363 648 418 s.
666 361 822 419 meaosu

177 525 233 590 sed
256 543 417 609 repressus
441 531 506 603 est3
540 524 655 588 animus
678 525 811 606 aequalis
833 522 995 610 gerendis,
1019 526 1070 607 qui
1093 543 1152 588 nec
1173 543 1283 610 magna

178 657 234 722 pro
257 641 380 721 vilibus,
410 657 468 702 nec
498 639 614 702 minora
636 656 693 722 pro
717 638 833 722 magnis
864 636 1005 720 duceret,
1036 637 1203 703 moderatio
1226 658 1282 721 pro

178 753 329 835 negotiis,
361 752 436 818 ordo
462 771 580 834 rerum,
612 754 797 836 oportunitas
829 760 1010 835 temporum,
1043 771 1185 817 mensura
1207 771 1282 816 ver-

178 866 293 928 borum.
338 864 411 928 llide
434 866 565 946 primus,
589 864 697 928 iustitia
721 864 919 946 praecipuus,
942 865 972 926 in
994 867 1108 947 praelio
1131 872 1283 947 strenuus,

178 978 209 1040 in
231 979 355 1041 uictoria
377 997 438 1042 nou
463 996 588 1058 avarus,
612 978 692 1042 domi
714 978 887 1059 hospitalis,
911 981 1000 1042 uxori
1025 979 1156 1043 sedulus.

269 1088 339 1154 111.
386 1091 526 1156 Sanctum
548 1109 669 1174 quoque
692 1093 757 1155 eius
779 1097 920 1174 nepotem
942 1092 1031 1156 Iacob
1054 1088 1081 1176 Ι)
1116 1093 1284 1157 delectabat

180 1205 260 1270 domi
282 1223 421 1269 securum
445 1205 577 1288 degere;
604 1203 659 1267 sed
683 1210 777 1267 mater
798 1204 893 1267 voluit
914 1206 1121 1289 peregrinari,
1144 1210 1176 1269 ut
1198 1205 1283 1270 daret

181 1319 332 1382 fraternae
356 1318 527 1382 iracundiae
551 1319 659 1380 locum.
698 1318 776 1380 Vicit
794 1317 953 1400 appetitum
976 1319 1091 1382 consilii
1114 1319 1281 1382 salubritas.

180 1432 273 1495 Exsul
297 1431 396 1512 domo,
419 1429 567 1513 prologus
591 1448 607 1492 a
631 1404 948 1509 parentibus,'ubique
971 1437 1069 1492 tamen
1092 1431 1282 1494 convenien-

180 1553 240 1608 tem
272 1561 442 1608 mensuram
475 1544 607 1625 negotiis
640 1544 735 1604 tenuit
768 1549 799 1604 et
834 1542 1018 1624 temporibus
1053 1535 1282 1624 oportunitatem

182 1647 360 1723 reservavit.
415 1655 567 1738 Abreptus
601 1655 681 1719 domi
714 1656 905 1738 parentibus,
942 1664 975 1719 ut
1007 1657 1083 1720 alter
1116 1658 1284 1720 maturitate

183 1777 367 1852 provocatus
402 1769 541 1850 obsequii
574 1768 814 1832 benedictionem
848 1768 950 1848 daret,
987 1769 1063 1833 alter
1097 1787 1199 1834 amore
1231 1771 1283 1852 pio

182 1865 387 1966 propenderet
394 1903 403 1960 ;
435 1883 568 1946 fraterno
599 1901 721 1965 quoque
753 1883 863 1947 iudicio
894 1884 1062 1966 praelatus,
1096 1903 1163 1948 cum
1186 1886 1284 1949 eibum

182 2014 268 2059 suum
298 1996 381 2060 lratri
416 1998 581 2061 cedendum
613 2003 764 2080 putasset,
781 1993 815 2080 ²)
850 1997 1054 2061 delectabatur
1088 1999 1192 2079 utique
1224 1998 1284 2061 ali-

183 2115 282 2175 mento
305 2111 470 2176 secundum
492 2119 644 2192 naturam,
676 2109 731 2174 sed
753 2110 916 2175 secundum
946 2112 1086 2193 pietatem
1109 2113 1201 2175 cessit
1223 2131 1284 2194 pe-

183 2229 245 2290 tito.
290 2227 396 2291 Pastor
426 2227 546 2291 domino
577 2227 682 2310 gregis
705 2224 798 2305 lidus,
833 2242 942 2289 socero
964 2243 1061 2310 gener
1083 2224 1224 2305 sedulus,
1255 2226 1286 2289 in

183 2339 288 2403 labore
310 2341 446 2425 inpiger,
476 2341 506 2404 in
531 2341 671 2403 convivio
694 2357 820 2421 parcus,
855 2340 886 2402 in
909 2338 1113 2403 satisfactione
1126 2339 1286 2420 praevius,

183 2455 214 2516 in
247 2455 490 2518 remuneratione
527 2455 638 2538 largus.
696 2454 833 2535 Denique
865 2455 911 2518 sic
943 2454 1103 2518 fraternam
1141 2453 1287 2536 mitigavit

184 2567 382 2646 iracundiam,
405 2573 438 2630 ut
460 2569 545 2630 cuius
567 2569 730 2630 verebatur
751 2567 936 2648 inimicitias,
971 2567 1189 2650 adipisceretur
1212 2584 1287 2650 gra-

163 2681 262 2742 ollam.
280 2676 313 2765 ³)

276 2792 347 2858 112.
392 2791 470 2866 Ouid
493 2791 531 2854 de
552 2790 661 2874 loseph
684 2792 809 2872 loquar,
826 2788 859 2875 ⁴)
883 2791 933 2873 qui
955 2791 1057 2872 utique
1079 2790 1208 2854 1116111
1230 2808 1288 2854 cu-

185 2906 336 2988 piditatem
366 2905 510 2968 libertatis
540 2911 571 2968 et
600 2905 731 2984 suscepit
765 2904 881 2967 servitii
913 2904 1148 2967 necessitatem?
1193 2904 1288 2977 Quam

186 3019 321 3083 subditus
345 3019 375 3082 in
398 3019 559 3097 servitute,
592 3037 679 3099 quam
703 3019 733 3080 in
756 3019 865 3081 virtute
889 3024 1052 3098 constans,
1088 3035 1176 3099 quam
1199 3018 1289 3082 beni-

186 3148 264 3216 gnus
287 3131 317 3193 in
341 3148 478 3210 carcere,
512 3129 632 3211 sapiens
655 3131 686 3192 in
709 3129 971 3211 interpretatione,
994 3131 1024 3194 in
1047 3137 1195 3213 potestate
1218 3149 1289 3195 mo-

187 3244 326 3323 deratus,
349 3244 379 3308 in
401 3245 538 3306 ubertate
559 3242 723 3325 providus,
746 3244 777 3306 in
800 3242 877 3306 lame
900 3244 1013 3324 iustus,
1036 3243 1172 3309 ordinem
1193 3244 1289 3309 laudis

186 3362 277 3424 rebus
300 3358 467 3443 adiungens
490 3365 521 3420 et
544 3359 774 3440 oportunitatem
796 3360 999 3438 temporibus,
1027 3360 1208 3442 aequitatem
1229 3376 1290 3441 po-

186 3474 263 3557 pulis
286 3473 377 3538 officii
399 3474 446 3537 sui
467 3472 675 3536 moderatione
698 3472 903 3553 dispensans?

278 3585 348 3651 113.
393 3586 446 3650 lob
461 3583 492 3670 5)
516 3603 640 3667 quoque
662 3586 744 3648 iuxta
766 3585 906 3650 secundis
929 3593 1018 3670 atque
1040 3586 1177 3651 adversis
1199 3586 1291 3650 rebus

189 3699 476 3782 inreprehensibilis,
499 3700 625 3781 patiens,
648 3704 751 3782 gratus
768 3698 826 3763 deo
841 3705 930 3781 atque
951 3707 1102 3782 acceptus,
1125 3700 1292 3766 vexabatur

190 3811 344 3877 doloribus
351 3834 361 3892 3
384 3811 438 3878 sed
461 3829 496 3876 se
519 3811 738 3876 consolabatur.
838 3837 844 3848 ·

191 3983 398 3995 ——-——--..

261 4081 289 4146 1)
308 4079 399 4135 Genes.
425 4082 469 4150 2⁷,
493 4084 528 4136 42
552 4101 624 4157 seqq.
706 4086 737 4158 2)
762 4084 828 4142 Ibid.
855 4085 900 4160 25,
923 4084 964 4138 31.
1052 4084 1081 4151 3)
1107 4083 1170 4138 lbid.
1199 4081 1243 4156 3³,
1269 4083 1292 4142 1.

189 4168 221 4244 1)
237 4163 300 4222 lbid.
319 4167 364 4239 39,
385 4169 398 4221 1
418 4186 490 4242 seqq.
562 4173 591 4244 5]
610 4172 664 4228 lob.
683 4173 709 4242 2,
729 4173 745 4226 3
764 4190 819 4250 seq.
