2932 4700
395 323 442 379 ns
460 323 599 383 osmeus
617 323 842 384 musmonem
861 327 958 384 nmen
975 329 995 384 1.
1203 333 1247 402 εγ

152 485 179 548 si
201 483 268 568 lpse
289 485 320 548 in
343 486 552 550 necessitatem
575 487 685 552 incidit.
724 487 802 564 Ouid
823 489 899 552 enim
916 493 973 552 tam
989 496 1093 554 contm
1109 489 1249 574 officium,

153 615 240 679 quam
262 615 323 663 non
344 597 476 662 reddere
498 599 579 681 qnod
602 601 784 683 acceperis?
828 602 892 666 Nec
914 619 1053 666 mensura
1080 606 1161 686 pari,
1194 606 1249 670 sed

151 711 294 776 uberiore
315 711 500 776 reddendum
523 711 661 792 arbitror,
685 719 823 778 elusum
846 730 975 795 pensare
997 713 1144 793 beneficii,
1168 722 1201 778 ut
1218 722 1250 779 et

150 830 182 887 tu
206 823 377 904 subvenias,
400 831 540 906 qnantum
563 825 627 888 eins
652 843 821 890 aerumnam
842 827 981 909 repellas.
1019 825 1134 889 Etenim
1151 844 1248 909 supe-

148 938 261 1000 riorem
283 955 343 1000 non
367 953 435 1000 esse
458 936 489 998 in
510 934 689 1014 referendo,
717 955 804 1018 pam
826 939 857 1000 in
878 936 1065 1000 conterendo
1087 937 1247 1018 beneficio,

148 1049 208 1113 boc
237 1055 283 1113 est
308 1051 452 1114 minorem
481 1065 567 1128 esse,
599 1050 738 1131 quoniam
768 1051 817 1130 qni
847 1051 930 1132 prior
960 1049 1084 1114 contulit
1110 1056 1247 1131 tempore

149 1164 288 1246 superior
309 1169 364 1242 est,
387 1163 565 1225 humanitate
589 1163 680 1244 prior.

239 1274 309 1340 161.
353 1275 440 1339 Unde
471 1277 610 1340 imitanda
640 1276 726 1339 nobis
758 1281 804 1339 est
834 1278 865 1338 in
898 1275 956 1340 hoc
989 1291 1110 1357 quoque
1141 1281 1246 1338 natura

146 1396 309 1469 terrarum,
342 1407 420 1471 qnae
449 1395 622 1471 susceptum
645 1405 749 1452 semen
772 1389 999 1471 multiplicatiori
1022 1390 1099 1453 solet
1120 1407 1245 1452 numero

146 1500 292 1581 reddere,
324 1519 411 1583 qnam
439 1502 597 1581 acceperit.
650 1501 721 1565 ldeo
753 1501 804 1563 libi
836 1503 976 1584 scriptum
1006 1508 1069 1564 est:
1093 1498 1124 1584 ¹)
1157 1501 1248 1564 Siout

146 1615 345 1696 apricoltora
367 1621 414 1676 eat
435 1614 526 1677 bomo
549 1615 705 1694 insipiens
727 1623 758 1677 ct
772 1621 926 1695 tamquam
940 1615 1035 1676 cioca
1050 1615 1138 1677 bomo
1154 1633 1245 1694 epens
1333 1593 1341 1608 ⁸

145 1745 249 1790 senso.
299 1726 335 1789 sc·
367 1727 535 1806 reliqueris
569 1745 655 1803 com,
694 1727 898 1790 desolabitur.
950 1727 1031 1793 Sicut
1065 1727 1245 1809 agricultura

146 1857 222 1922 ergo
245 1839 332 1902 etiam
354 1842 484 1923 sapiens,
507 1846 539 1903 ut
561 1846 708 1923 tamquam
731 1840 865 1904 fenerata
889 1841 945 1904 sibi
969 1841 1082 1903 maiore
1104 1855 1244 1902 mensure

147 1953 260 2016 semina
283 1960 422 2034 suscepte
444 1954 588 2016 restituat.
634 1954 727 2016 Terra
750 1970 826 2036 ergo
850 1960 899 2015 aut
921 1957 1103 2034 spontaneos
1130 1952 1244 2016 innotus

146 2065 294 2148 germinat
328 2071 378 2128 aut
411 2065 543 2130 creditos
577 2065 718 2129 uberiore
752 2064 869 2128 cumulo
902 2064 1035 2127 retundit
1069 2083 1104 2127 ao
1136 2064 1243 2127 reddit.

145 2177 311 2257 Utrumque
341 2177 435 2240 debes
465 2179 593 2260 quodam
622 2178 801 2242 hereditario
830 2196 887 2241 usu
908 2178 1057 2259 parentis,
1086 2195 1125 2239 ne
1147 2177 1244 2239 relin-

146 2292 248 2372 quaris
269 2291 347 2354 sicut
369 2288 546 2354 infecundus
570 2307 653 2372 ager.
697 2289 769 2351 Esto
793 2295 901 2368 tamen,
924 2294 955 2351 ut
973 2288 1078 2370 aliquis
1094 2303 1243 2350 excusare

144 2404 249 2486 possit,
273 2404 437 2484 quodnam
461 2403 586 2482 dederit,
609 2402 760 2482 mornado
785 2420 931 2465 excusare
953 2408 1062 2484 potest,
1086 2400 1166 2482 quod
1182 2418 1243 2463 non

143 2515 335 2580 reddiderit?
379 2517 445 2579 Non
469 2516 541 2580 dare
564 2517 699 2596 cuiquam
722 2517 774 2578 vix
796 2516 883 2595 licet,
915 2533 976 2579 non
1006 2514 1136 2578 reddere
1166 2529 1242 2576 vero

144 2645 205 2692 non
227 2629 305 2692 licet.

235 2739 304 2806 162.
349 2740 421 2805 ideo
436 2740 560 2822 pulobre
576 2741 715 2807 Salomon
732 2742 790 2805 ait:
807 2738 839 2825 ²)
862 2741 897 2802 Si
912 2743 1033 2805 sederis
1049 2759 1182 2804 coenare
1199 2741 1243 2803 od

142 2855 455 2933 massmannus,
487 2855 647 2934 sapienter
676 2857 818 2938 intellepe
849 2875 904 2933 ec,
940 2873 1019 2936 poce
1040 2856 1243 2936 adponuntur

143 2969 217 3047 tibi,
252 2977 282 3030 ct
310 2969 394 3029 mitte
422 2985 546 3029 monum
576 2975 660 3029 mom
690 2968 813 3046 sciens,
847 2968 930 3048 paud
961 2973 1082 3046 oportet
1108 2975 1137 3028 te
1165 2965 1242 3029 tolio

137 3099 346 3165 praeparere
382 3079 418 3140 st
439 3087 540 3142 notem
558 3080 752 3144 insatiabilis
768 3101 811 3157 es,
835 3082 901 3143 ooli
917 3079 1136 3159 concupiscere
1151 3100 1242 3144 escas

142 3197 229 3269 cius3
260 3196 340 3257 baso
368 3193 448 3254 caim
479 3191 618 3254 obtinent
649 3195 746 3255 vitam
774 3192 901 3270 salsam.
951 3192 1033 3266 Quas
1055 3211 1112 3256 nos
1134 3193 1241 3256 imitari

142 3309 296 3391 cupientes
321 3306 484 3369 sententias
508 3305 689 3388 scripsimus.
728 3306 874 3370 Conferre
897 3307 1020 3390 gratiam
1043 3306 1154 3369 bonum
1177 3312 1239 3383 est;

142 3427 172 3485 at
193 3421 244 3502 qui
265 3418 384 3482 reterre
405 3418 518 3498 nescit,
541 3418 725 3482 durissimus.
770 3419 963 3482 Humanitatis
986 3419 1152 3500 exemplum
1175 3419 1239 3501 ipsa
1340 3489 1343 3496 ⁴

141 3541 222 3598 terra
236 3533 381 3620 suggerit.
419 3531 609 3614 spontaneos
625 3531 741 3596 fructus
757 3533 911 3612 ministrat,
935 3551 1012 3613 quos
1028 3553 1089 3598 non
1105 3535 1220 3596 severis
1228 3553 1238 3610 ;

141 3645 361 3730 multiplicatum
385 3663 505 3726 quoque
527 3643 624 3708 reddit
647 3644 726 3727 quod
751 3646 907 3726 acceperit.
952 3645 1073 3730 Negare
1102 3646 1153 3709 tibi
1178 3664 1238 3727 pe-

141 3761 257 3824 cuniam
287 3764 470 3823 numeratam
502 3775 563 3820 non
593 3756 679 3836 licet,
713 3757 863 3840 quomodo
894 3759 965 3821 licet
996 3748 1163 3843 acceptam
1177 3776 1239 3821 non

139 3873 257 3938 referre
284 3871 438 3957 gratiam?
480 3871 513 3934 ln
543 3872 711 3952 proverbiis
742 3888 864 3953 quoque
893 3873 1000 3954 babes,
1023 3871 1056 3958 ³)
1089 3873 1168 3955 quud
1198 3873 1238 3937 ita

211 4111 334 4180 iil’ror.
348 4111 396 4185 24,
414 4113 449 4168 uu
465 4129 521 4184 seq.
591 4115 621 4183 2)
639 4113 703 4172 ibid.
722 4115 765 4186 23,
785 4115 861 4172 1-3,
931 4115 961 4186 3)
980 4113 1058 4172 Sirac.
1080 4113 1106 4183 3,
1126 4113 1168 4170 31.
