2976 4706
410 359 455 413 on
474 358 611 416 ormous
628 359 852 416 mmsrnonurr
870 361 968 416 urana
989 362 1019 418 n.
1202 359 1265 427 153

167 519 370 584 consulentes.
414 520 481 585 Alia
504 529 573 585 sunt
595 523 674 586 enim
696 538 773 601 quac
795 520 966 606 fugientum
989 524 1060 605 alia,
1085 543 1161 605 quae
1189 541 1267 586 con-

166 638 345 697 temnuntur.
390 635 532 719 Fugimus
556 653 608 715 ea,
643 651 721 717 quae
753 640 880 716 possunt
909 655 1039 716 nocere,
1074 656 1151 718 quae
1179 636 1266 700 mali-

167 746 245 808 tiose
276 755 404 827 possunt
433 749 463 811 in
493 768 603 813 noxam
636 765 780 830 serpere,
814 754 845 812 ut
878 751 903 812 si
933 752 975 828 is,
1009 752 1059 832 qui
1091 749 1266 829 consulitur,

167 856 255 920 dubia
277 859 317 922 sit
339 858 397 922 iide
420 868 452 923 et
473 859 619 941 paeoniae
641 858 763 939 avidos,
793 866 826 923 ot
847 861 942 942 possit
962 862 1061 944 pretio
1084 863 1207 939 motari3
1240 863 1267 924 si

166 968 348 1050 iniuriosus,
378 971 427 1034 hic
455 972 567 1056 fugitur
596 990 633 1036 ac
660 971 832 1036 declinatur.
879 974 935 1048 Qui
966 993 1041 1038 vero
1072 973 1267 1054 voluptarius,

168 1083 387 1164 intemperans,
421 1085 477 1146 etsi
490 1084 614 1158 alienus
636 1101 654 1146 a
677 1082 797 1164 fraude,
824 1089 921 1148 tamen
950 1104 1058 1148 avarus
1079 1092 1110 1148 et
1133 1084 1268 1167 cupidior

168 1194 247 1258 lucri
270 1197 375 1277 turpis,
398 1197 447 1258 bic
466 1197 673 1262 contemnitur.
710 1196 799 1270 Quod
822 1199 899 1260 euim
922 1199 1073 1280 specimen
1096 1197 1268 1276 industriae,

169 1325 257 1388 quem
279 1306 409 1372 fructum
425 1309 535 1372 laboris
552 1309 646 1372 edere
660 1316 770 1390 potest,
794 1327 881 1390 quam
901 1311 1038 1392 recipere
1054 1312 1151 1374 animo
1167 1327 1268 1373 curam

169 1435 205 1481 ac
227 1417 474 1499 sollicitudinem,
498 1420 605 1499 quise
628 1420 743 1500 torpori
767 1417 882 1481 dederit
905 1427 993 1500 atqua
1016 1422 1182 1506 ignaviae?

256 1527 308 1596 89.
352 1530 423 1596 ldcc
446 1531 517 1594 boni
534 1531 581 1593 vir
600 1531 717 1594 consilii
739 1529 826 1594 dicit:
848 1527 876 1614 Ι)
899 1533 967 1614 Epo
990 1542 1091 1596 uatem
1114 1533 1213 1596 didici
1237 1533 1271 1596 ta

169 1643 284 1726 quibus
304 1664 372 1708 sum
390 1644 557 1726 'sufficiens
579 1664 656 1707 esse.
702 1643 821 1712 Sciebat
851 1646 929 1708 enim
963 1647 1094 1709 omnium
1125 1647 1270 1709 malorum

170 1757 302 1822 radicem
326 1775 396 1821 esso
419 1758 579 1838 avaritiam,
595 1755 628 1841 ²)
653 1763 682 1820 ot
696 1757 766 1822 ideo
789 1775 846 1822 suo
868 1766 1025 1822 contentus
1048 1767 1121 1837 erat,
1144 1759 1271 1822 alienum

173 1871 430 1950 nonrequire‘bat.
465 1869 540 1935 Satis
556 1870 626 1932 mihi
642 1875 697 1950 est,
720 1871 823 1951 inquit,
847 1869 926 1951 quod
943 1871 1054 1948 habec;
1078 1873 1143 1933 sive
1158 1889 1271 1953 parum,

171 1984 237 2046 sive
259 1983 416 2064 plurimum
439 1983 573 2064 habam,
595 1983 666 2045 mihi
687 1983 920 2070 plurimumest.
956 1983 1139 2064 Expressius
1161 1982 1270 2064 aliquid

171 2094 329 2159 dicendum
352 2093 479 2157 videtur.
523 2095 647 2178 Signata
672 2094 764 2157 verbo
787 2112 860 2157 usus
883 2101 947 2156 est:
972 2094 1087 2158 Suiiicit
1109 2095 1196 2173 mihi,
1219 2096 1270 2156 io-

172 2209 252 2288 quit,
284 2209 314 2270 in
338 2226 398 2288 quo
421 2226 501 2287 sum,
535 2206 566 2269 id
588 2214 648 2271 est:
681 2224 739 2269 nec
771 2207 873 2286 deest,
905 2226 962 2269 nec
992 2207 1156 2288 superfluit.
1201 2207 1269 2270 Non

172 2321 275 2400 deest,
289 2308 292 2316 ¹
306 2322 375 2400 quia
397 2320 469 2382 nihil
498 2339 611 2402 quaero
643 2321 786 2400 amplius;
816 2338 878 2383 non
908 2319 1079 2401 superfluit,
1111 2321 1178 2401 quia
1210 2337 1270 2382 non

171 2433 267 2496 solum
292 2433 361 2494 mibi
383 2432 499 2513 habeo,
521 2433 576 2496 sed
598 2433 741 2515 pluribus.
786 2433 851 2497 llcc
876 2433 913 2496 de
936 2435 1071 2515 pecunia.
1146 2500 1160 2530 ὁ

259 2545 311 2612 90.
355 2547 507 2611 Ceterum
524 2549 562 2610 de
593 2548 728 2612 omnibus
764 2547 822 2611 dici
854 2555 954 2628 potest
986 2549 1054 2630 quia
1087 2546 1274 2610 sufficiebant

171 2661 213 2724 illi
236 2661 421 2743 praesentia,
444 2661 501 2723 lroc
523 2667 585 2740 est,
607 2679 667 2724 ncn
690 2660 836 2725 honorem
858 2663 1021 2741 maiorem,
1043 2679 1104 2724 ncn
1127 2661 1272 2740 obsequia

172 2775 314 2839 uberiora
338 2773 538 2853 desiderabat,
551 2791 623 2837 ¹non
646 2774 762 2856 gloriae
784 2774 951 2838 inmodicae
974 2774 1109 2855 cupidus,
1133 2778 1183 2836 aut
1198 2790 1273 2856 grae

172 2888 242 2950 tiam
264 2885 396 2949 indebite
423 2887 586 2966 quaerebat
593 2909 602 2964 ;
636 2885 693 2950 sed
716 2887 807 2951 debiti
829 2888 917 2951 tinam
941 2887 1127 2965 certaminis,
1158 2886 1274 2966 patiens

173 3000 305 3079 laboris,
340 3013 465 3063 securus
496 3001 592 3064 meriti
625 3000 880 3082 praestolabatur:
916 3001 1008 3076 Scio,
1042 2999 1164 3080 inquit,
1181 2994 1214 3081 ³)
1247 3006 1278 3060 et

174 3111 343 3174 humiliari.
388 3113 457 3176 Non
479 3131 554 3197 ergo
577 3112 697 3176 indocta
724 3113 889 3191 humilitas,
923 3112 976 3175 sed
1000 3130 1078 3192 quac
1092 3111 1207 3174 'babeat
1230 3111 1276 3173 sui

175 3222 349 3287 modestiam
373 3229 404 3284 ct
425 3225 595 3303 scientiam,
622 3223 704 3287 laudi
725 3224 819 3287 datur.
864 3222 917 3294 Est
939 3225 1017 3286 enim
1040 3223 1185 3287 humilitas
1208 3221 1276 3285 ior-

174 3334 301 3414 midinis,
324 3341 369 3398 est
384 3337 538 3417 inperitiae
553 3341 641 3416 atque
656 3335 843 3418 ignorantiae
849 3355 858 3410 ;
884 3340 914 3396 et
929 3332 1002 3396 ideo·
1013 3333 1159 3413 scriptura
1174 3332 1228 3393 ait:
1242 3328 1275 3414 ⁴)

175 3447 217 3510 Et
242 3448 372 3509 lumilas
388 3447 518 3525 spiritu
545 3446 692 3510 salvabit.
736 3444 893 3508 Praeclare
924 3462 1000 3525 ergo
1030 3445 1119 3506 dixit:
1152 3443 1224 3505 Scio
1249 3451 1279 3505 ct

175 3560 353 3636 humiliari,
377 3559 496 3638 idest,
527 3577 587 3639 quo
610 3562 641 3623 in
662 3560 748 3637 loco,
782 3577 840 3638 qua
869 3557 1094 3635 moderatione,
1125 3573 1184 3636 quo
1208 3555 1277 3634 tine,

175 3673 206 3735 in
230 3689 290 3752 quc
314 3671 430 3751 cilicio,
454 3674 484 3734 in
508 3691 569 3752 quo
592 3690 724 3735 munere.
762 3669 903 3732 'Nescivit
924 3669 1098 3731 Pharisaeus
1121 3668 1276 3747 humiliari,

177 3783 246 3846 ideo
270 3785 403 3847 deiectus
427 3791 487 3862 est3
511 3785 597 3847 scivit
619 3781 813 3865 publicanus,
835 3780 904 3843 idco
928 3781 1101 3844 iustificatos
1124 3787 1179 3844 est.
1261 3787 1263 3792 '

183 3943 384 3954 ———----

249 4047 279 4117 1)
296 4048 360 4101 riri.
379 4050 406 4115 r,
427 4050 467 4104 11.
529 4047 560 4116 a)
580 4050 603 4101 1.
622 4047 685 4101 rim.
707 4048 732 4115 c,
753 4048 792 4102 10.
860 4047 888 4114 a)
907 4047 969 4102 riri.
989 4046 1016 4112 r,
1035 4045 1077 4100 12.
1138 4045 1278 4112 rpeiam.

178 4133 286 4201 aa,1a.
