2966 4708
249 326 314 390 250
669 319 925 377 nortorsrronss

247 485 381 536 rneadaret
397 477 428 532 Ε.
465 483 490 532 4.
509 483 579 535 eodm
596 495 616 532 r.
636 495 668 530 tn.
687 479 781 532 lineola
800 481 931 550 insignivit
948 483 972 532 in
994 479 1021 533 Β.
1052 477 1109 532 dior
1126 487 1216 553 [scere
1234 481 1349 534 scribant

248 584 302 649 Ae,
321 601 370 636 nee
388 585 462 637 eiiter
479 586 562 652 primo
581 581 714 653 irgeirntor
732 585 757 636 in
770 581 800 650 Β,
819 583 862 635 nbi
881 601 901 637 r.
915 601 948 637 ar.
968 583 1040 638 dedit
1056 557 1082 590 ⁸⁸
1098 590 1206 655 fremet
1238 591 1350 641 raserat

137 728 140 736 ,
247 673 303 724 stae
321 687 369 741 qne
386 670 464 724 habet
481 671 504 722 Ε
523 687 545 723 c.
565 672 605 722 ed.
627 671 708 736 died,
738 675 826 740 {aem
843 675 932 742 [stass
950 675 1079 743 epistotae
1099 676 1251 728 tributantes
1269 691 1348 728 eom-

245 769 349 828 pertann
366 769 407 813 ert
429 759 561 810 invexerat
579 757 778 823 tenebrentur,
806 773 915 828 euntque
932 759 1015 812 secnti
1033 769 1089 812 sunt
1107 757 1227 812 Erasmus
1246 769 1273 811 et
1290 759 1349 814 Co-

247 847 354 909 storiam
372 850 460 915 [ahos
479 849 632 900 entes-rus
649 845 773 898 mendose
791 846 867 898 odert
885 844 914 897 G.
952 847 977 898 ii.
996 863 1145 918 sperma
1162 854 1190 898 et
1206 848 1224 898 1.
1242 863 1280 916 sq.
1298 865 1351 918 per
1465 877 1469 884 ·

246 917 306 987 ὦ
322 937 383 1001 (pro
399 933 533 1003 persenit)
551 935 699 988 stitieomes
717 932 786 1001 (nc)-
798 937 904 1004 ipsein
921 949 1002 989 sores
1025 937 1111 990 mtetr
1136 939 1273 992 vindicare
1297 949 1349 984 ex-

216 1083 220 1090 ,
247 1018 317 1072 hibet
334 1023 371 1086 Α,
398 1023 488 1076 stitieo
509 1037 597 1075 eomes
616 1022 675 1090 ipse
693 1023 722 1074 in
738 1038 811 1076 sere.
829 1039 880 1078 sno
900 1026 953 1078 nat.
972 1026 1045 1078 ntor.
1063 1020 1100 1087 Β,
1127 1026 1235 1078 stitione
1258 1039 1350 1076 renes

246 1110 304 1175 ipse
322 1111 350 1163 in
368 1124 439 1161 sero.
458 1126 485 1160 ιι.
506 1125 532 1161 e.
551 1102 581 1172 G,
600 1123 688 1162 comes
705 1111 812 1162 stidiedo
831 1112 888 1177 ipse
907 1114 936 1162 in
953 1126 1026 1164 sera.
1045 1127 1071 1162 ιι.
1086 1127 1111 1163 ιι.
1131 1109 1191 1160 drot
1208 1107 1260 1176 Er,
1279 1125 1348 1164 eom.

246 1197 335 1247 stilico
363 1197 421 1263 ipse
445 1197 474 1247 in
496 1212 568 1248 sare.
589 1211 615 1245 ιι.
635 1211 661 1247 ιι.
687 1201 769 1247 exstet
794 1195 819 1246 in
841 1193 882 1248 ed.
901 1195 967 1247 ttsd.
986 1204 1013 1248 et
1036 1197 1061 1248 ia
1081 1195 1200 1262 dmerb„
1228 1211 1293 1265 quae
1312 1211 1348 1248 eo

246 1289 343 1332 tanturn
362 1280 462 1345 differt,
490 1281 557 1348 quod
584 1287 642 1347 post
665 1297 745 1334 serre
769 1281 839 1332 addit
864 1298 929 1346 sno;
956 1299 1043 1336 comes
1068 1287 1177 1348 stilico,
1206 1285 1291 1336 noinit
1316 1286 1349 1336 in

246 1383 306 1421 enat
330 1383 356 1420 e.
380 1363 473 1436 legitur
496 1371 520 1418 in
538 1365 607 1420 Cost.
631 1368 709 1419 Maur.
735 1377 811 1437 etque
836 1365 903 1420 Giib.
940 1367 1064 1438 Equidem
1088 1371 1163 1438 igiter
1187 1387 1202 1421 e
1227 1369 1347 1420 codicum

247 1455 395 1505 auctoritato
415 1454 576 1508 scribendum
596 1457 697 1523 putavi:
715 1457 833 1524 pervenit
844 1457 941 1509 stilico
960 1474 1056 1524 comes,
1076 1460 1173 1525 ipsein
1186 1472 1304 1510 sermon.
1317 1475 1348 1510 c.

250 1555 288 1608 to.
313 1575 441 1629 opressus
466 1570 507 1614 est
531 1557 581 1613 EF.
627 1559 667 1610 12.
686 1534 734 1564 ‘m
756 1568 890 1613 auctorem
914 1565 987 1624 (esse
1011 1559 1043 1640 ab
1065 1576 1083 1610 r.
1104 1577 1136 1612 ro.
1154 1559 1295 1628 superscr.)
1315 1557 1347 1610 Β.

249 1645 288 1697 13.
309 1646 389 1698 iiecst
406 1651 470 1701 taiia
488 1646 554 1699 inc.
585 1646 659 1711 Quod
680 1654 738 1714 post
755 1645 781 1696 h.
794 1661 819 1697 v.
839 1647 864 1696 io
883 1645 974 1698 eodem
994 1645 1060 1698 iibro
1079 1656 1105 1700 et
1124 1647 1148 1698 in
1168 1647 1226 1698 edd.
1241 1645 1346 1697 dmerb.

246 1731 343 1784 Erosm.
369 1731 445 1785 Maur.
474 1743 550 1803 etque
574 1733 639 1788 Giib.
666 1735 767 1787 additur
792 1748 865 1801 pron.
893 1731 972 1784 indei.
998 1733 1078 1786 subst.
1106 1739 1204 1804 stipitis
1232 1737 1343 1801 expunxi

246 1821 430 1887 praceuntibus
444 1822 517 1874 codd.
536 1821 624 1874 ΑΒΕΒ
643 1831 669 1873 et
686 1822 728 1873 ed.
748 1819 817 1872 Cost.
861 1823 885 1871 4.
906 1819 937 1872 ab
957 1827 1018 1872 extr.
1038 1819 1185 1876 sacerdotis
1204 1825 1293 1875 sarrcti
1311 1821 1342 1873 C.

247 1906 303 1956 dios
322 1922 369 1974 pro
388 1917 537 1977 arreptum,
565 1908 632 1979 qnod
651 1909 738 1973 deest,
765 1908 831 1959 idern
857 1906 922 1958 iiber
945 1915 1004 1975 post
1027 1911 1179 1978 discerpere
1204 1909 1344 1976 interponit

246 2012 312 2048 ιιιιιι.
349 1995 373 2047 3.
394 1995 425 2046 ab
445 2007 507 2049 extr.
527 2002 709 2052 ammiratione
727 1993 782 2048 ΑΒ.
807 1995 840 2062 ,2.
859 1995 891 2046 ab
911 2001 974 2047 extr.
992 1991 1085 2049 Mnitis'
1104 1997 1196 2050 dieder
1215 1999 1287 2066 ipsis
1306 1994 1345 2059 03

246 2085 317 2150 ipsis
336 2083 395 2134 item
415 2083 535 2136 exhibent
554 2082 614 2137 edd.
633 2082 735 2135 danorii.
755 2081 853 2132 Eresm.
873 2077 960 2143 Cost.;
988 2083 1080 2134 multis
1099 2083 1191 2136 diebus
1212 2084 1267 2133 sine
1286 2085 1347 2138 ittis

247 2167 297 2221 EF,
334 2168 412 2223 Cuius
430 2173 488 2225 ioco
508 2174 531 2224 in
550 2171 572 2224 E
591 2177 722 2240 comparet
738 2186 842 2222 nesure·
870 2171 930 2223 ldis
949 2185 995 2237 pro
1014 2169 1061 2221 itte
1079 2166 1156 2220 hebet
1173 2167 1201 2222 C.
1236 2167 1294 2219 Mox
1313 2171 1347 2222 ad

192 2329 194 2334 Ι
246 2259 387 2325 spiritibus
404 2275 452 2327 pc,
471 2281 487 2313 a
505 2264 595 2330 spirit.
616 2276 662 2326 per
679 2275 727 2310 ros.
741 2257 769 2308 Β.
801 2257 864 2309 Tum
880 2267 1010 2327 perpetes
1028 2253 1089 2309 esse
1105 2260 1224 2312 vidimus
1242 2256 1276 2307 id.
1291 2255 1346 2321 tio,

245 2354 389 2414 perpateat
406 2345 457 2398 EF.

319 2438 344 2500 ς.
363 2435 405 2486 44.
443 2435 466 2486 1.
487 2439 607 2490 Nicetins
625 2431 721 2497 BCEF,
739 2432 810 2501 vulg.
829 2433 982 2496 Nicenties,
1005 2438 1033 2481 ot
1051 2427 1168 2484 scribitur'
1185 2431 1235 2482 hoc
1255 2446 1347 2482 nomen

248 2521 272 2570 n
288 2503 408 2576 „amesae
422 2519 529 2590 Epinot.
544 2525 567 2576 5.
588 2521 625 2574 ct.
639 2521 658 2575 1.
677 2519 748 2572 tom.
763 2519 794 2571 ιι.
815 2537 839 2588 p.
854 2519 913 2569 ror.
932 2520 957 2584 ς.
970 2515 1011 2582 e.;
1029 2521 1148 2574 reserem
1161 2518 1195 2584 t,
1214 2521 1348 2574 romnus

249 2604 290 2656 ed.
312 2606 376 2658 tted.
413 2607 475 2660 Turn
500 2627 537 2664 esc
560 2611 663 2663 noterio
689 2619 713 2662 et
735 2611 840 2662 totana
865 2603 894 2658 C·
941 2605 966 2657 2.
992 2599 1133 2674 iettio‘pro
1154 2609 1195 2660 ‘t'ta
1212 2605 1280 2658 idem
1300 2603 1346 2658 lib.

249 2695 274 2744 4.
296 2713 364 2750 sesa
380 2695 474 2748 ibidem
493 2695 632 2748 intercidit.
668 2697 692 2745 5.
713 2711 761 2748 nec
778 2711 810 2748 se
827 2692 872 2760 (ss
888 2692 921 2745 eb
940 2709 960 2745 r.
974 2692 1007 2745 ιιι.
1019 2685 1152 2762 supersit.
1172 2695 1197 2745 ia
1209 2691 1242 2761 Β)
1260 2693 1347 2763 vuig.;

250 2781 323 2833 codd.
350 2791 435 2835 eutem
461 2780 548 2836 ACEF
574 2791 600 2834 et
624 2782 664 2834 cd.
690 2777 759 2834 Cost.
785 2781 876 2832 merito
902 2795 953 2832 om.
977 2797 1015 2836 se.
1053 2778 1126 2832 Corsi.
1151 2780 1182 2832 ed
1206 2773 1282 2848 31,
1307 2783 1349 2836 13.

161 2915 164 2919 .
251 2869 307 2920 dior
326 2873 353 2920 ia
373 2878 487 2940 tempore
503 2867 556 2922 ΕΒ.

321 2961 345 3023 §.
364 2958 406 3010 45.
445 2957 466 3008 1.
485 2963 534 3010 doc
551 2971 598 3023 pro
616 2957 665 3010 dos
682 2955 713 3008 Α.
757 2956 782 3008 2.
807 2957 899 3010 incidit
923 2957 1100 3025 infirmitatem
1123 2951 1188 3006 ΒΕΒ
1213 2964 1349 3024 poetaram

250 3058 331 3107 ruore,
345 3059 419 3112 quern
432 3044 559 3095 imitentur
572 3043 695 3094 interdum
709 3043 867 3095 recentiores
879 3057 973 3110 prosse
986 3042 1131 3108 scriptores.
1159 3039 1214 3093 Vid.
1227 3046 1349 3098 dirtdros.

167 3117 168 3120 Β
251 3131 284 3179 de
303 3129 370 3180 offic.
383 3129 401 3180 l.
416 3131 440 3180 2.
460 3134 484 3196 ς.
499 3129 554 3196 5,6
573 3139 599 3182 et
616 3131 659 3183 20.
680 3134 704 3198 5.
719 3130 752 3181 85
766 3130 820 3183 init.
852 3129 917 3182 Dein
935 3133 980 3200 qni
998 3149 1015 3182 ιι
1031 3132 1166 3198 plurimis·
1177 3133 1269 3184 diodus
1288 3149 1351 3186 cunt

250 3219 411 3272 detineretur
429 3218 460 3284 A,
480 3223 525 3290 qni
541 3223 576 3289 pi.
595 3223 621 3274 d.
641 3237 702 3274 cnm
719 3223 767 3273 det
786 3216 815 3284 Β,
835 3219 932 3291 qnnpl.
946 3220 970 3271 d.
985 3235 1044 3271 cum
1057 3221 1082 3270 d.
1097 3213 1170 3282 CEF,
1189 3232 1254 3286 qnos
1266 3221 1351 3270 secuti

250 3321 344 3357 sumus.
381 3303 514 3374 conspiret
538 3309 612 3358 etism
637 3307 677 3358 ed.
698 3303 765 3356 Med.
807 3303 882 3374 Vuig.
908 3303 1002 3372 tegitur
1029 3307 1076 3373 pnt'
1103 3321 1163 3359 enm
1188 3297 1224 3371 pi.
1249 3308 1274 3358 d.
1299 3307 1350 3358 det.

251 3379 275 3444 3ss
293 3397 405 3448 sinnas
418 3393 505 3446 acor
526 3412 547 3447 c.
562 3395 605 3446 er.
619 3393 685 3446 ner.
715 3393 773 3444 nox
792 3395 855 3462 quea
872 3407 919 3458 pro
934 3395 1001 3460 qais
1013 3389 1065 3443 or.
1102 3394 1127 3443 ι.
1147 3395 1285 3446 steininen
1298 3391 1351 3445 ιιι.

251 3479 301 3530 Sed
326 3481 379 3531 vid.
408 3485 528 3553 Wepner.
553 3483 585 3534 de
611 3480 724 3550 orthogr.
748 3479 843 3549 Vergil.
868 3496 894 3547 p.
911 3478 973 3530 410.
1019 3478 1044 3530 5.
1069 3483 1248 3534 nobilissimis
1273 3481 1350 3532 codd.

251 3599 339 3636 omnes
364 3593 390 3636 st
413 3586 542 3654 erempier
559 3586 641 3650 died,
667 3589 801 3638 noiiiidns
820 3584 889 3654 vuig.
934 3583 959 3634 6.
984 3559 1036 3636 ι’Βι·’
1055 3582 1084 3649 (s
1101 3599 1115 3634 s
1134 3598 1155 3633 r.
1175 3599 1209 3635 ιιι.
1227 3582 1301 3650 edd.)
1320 3583 1351 3634 E.

251 3674 275 3722 7.
296 3676 435 3740 persuadet
458 3689 504 3741 pro
521 3677 659 3742 persuasit
681 3681 811 3740 recepturo
831 3689 863 3738 ex
882 3669 936 3722 ΑΒ.
973 3669 1039 3720 Dein
1058 3675 1093 3726 ad
1110 3678 1233 3724 senatum
1249 3685 1350 3724 sceer-

249 3762 333 3812 dotem
351 3769 488 3830 perpererit
506 3762 594 3828 recepi
613 3775 645 3812 ex
657 3756 733 3825 ABG,
749 3775 822 3830 pern.
835 3763 869 3814 nd
881 3768 967 3816 sanct.
979 3775 1038 3813 see.
1051 3756 1146 3810 habeat
1161 3757 1217 3809 reli.
1232 3757 1352 3809 ceditis.

323 3881 575 4037 tpiaiiimmqm]
599 3986 648 4037 pne
670 3986 691 4019 r.
713 3983 745 4018 m.
771 3965 869 4018 eddidit
894 3968 917 4018 io
938 3964 966 4017 C.
1013 3968 1037 4017 2.
1066 3970 1142 4034 Qnod
1165 3968 1212 4020 ndi
1235 3969 1280 4019 itte
1299 3965 1352 4019 Er.

251 4056 312 4108 Tora
338 4059 440 4111 indicit
463 4059 494 4108 ei
520 4057 577 4109 tuta
602 4055 682 4124 (vulg.
702 4059 734 4108 sd
752 4057 809 4107 idis
828 4057 942 4119 aedicit)
961 4051 1035 4104 ΑΒΟ.
1081 4054 1107 4104 3.
1132 4057 1202 4108 mori
1226 4057 1303 4108 timeo
1323 4051 1352 4103 Β.

251 4144 276 4194 4.
296 4147 390 4196 ionum
409 4145 541 4196 dominnm
562 4140 655 4192 BCEF.
717 4175 720 4180 -
822 4155 824 4160 ·
