2932 4700
233 347 275 413 u
744 347 822 400 VITA

231 507 329 588 Urbis,
355 507 392 572 de
415 507 579 590 repetenda
599 527 651 572 ara
667 508 816 573 Victoriae
837 515 865 570 et
884 509 1047 592 sumptibus
1070 511 1323 574 caerimoniarum.

233 621 292 686 Sed
316 623 365 684 ubi
395 624 530 705 conperit
561 622 703 685 sacerdos
727 625 818 687 misso
850 623 950 686 libello
974 624 1010 687 ad
1033 625 1240 707 imperatorem
1262 642 1323 707 po-

230 735 348 798 stulavit
377 744 409 798 ut
436 737 473 799 ad
506 756 541 800 se
570 736 721 801 relationis
754 738 934 819 exemplaria
965 738 1183 819 dirigerentur,
1215 740 1321 819 quibus

229 849 294 930 ipse
317 868 372 930 pro
395 851 525 931 partibus
548 851 610 912 suis
632 869 836 932 responsurus
863 858 952 914 esset.
998 852 1062 926 Qua
1092 853 1237 916 relatione
1267 872 1322 916 ao·

230 969 314 1044 cepta
348 964 618 1044 praeclarissimum
655 965 784 1028 libellum
822 966 1015 1047 conscripsit,
1051 974 1083 1029 ut
1115 975 1218 1030 contra
1252 967 1323 1030 nihil

229 1095 367 1160 umquam
400 1078 524 1142 auderet
546 1079 739 1161 Symmachus
761 1081 807 1142 vir
830 1081 1091 1161 eloquentissimus
1119 1081 1322 1163 respondere;

229 1193 283 1256 sed
310 1199 465 1275 postquam
495 1200 639 1276 augustae
669 1195 830 1257 memoriae
853 1194 1075 1258 Valentinianos
1106 1196 1136 1257 in
1160 1196 1337 1257 Viennensi.

229 1308 363 1386 civitate,
394 1325 470 1388 quae
502 1314 548 1370 est
577 1307 728 1371 Gallorum
758 1310 877 1388 civitas,
908 1311 995 1372 vitam
1030 1309 1139 1386 linivit,
1168 1307 1321 1389 Eugenius

228 1420 359 1501 suscepit
380 1421 550 1502 imperium,
574 1423 640 1502 qui,
668 1423 718 1484 ubi
741 1423 888 1504 imperare
913 1425 1027 1505 coepit,
1058 1441 1118 1486 non
1141 1422 1231 1484 multo
1254 1428 1322 1502 post

227 1535 397 1615 petentibus
419 1535 558 1598 Flaviano
590 1541 659 1597 tnnc
687 1536 842 1617 praefecto
866 1545 895 1600 et
917 1537 1089 1620 Arbogaste
1112 1537 1218 1598 comite
1241 1553 1322 1599 aram

227 1649 375 1710 Victoriae
398 1653 427 1709 et
450 1654 582 1729 suurptus
617 1649 879 1728 caerimoniarum,
914 1649 993 1730 quod
1016 1648 1236 1712 Valentinianus
1264 1666 1322 1710 au-

227 1769 335 1846 gustae
366 1762 527 1824 memoriae
557 1760 653 1823 adhuc
683 1763 712 1823 in
744 1762 908 1825 iunioribus
940 1764 1024 1826 annis
1056 1762 1232 1826 constitutus
1263 1780 1321 1843 pe-

228 1875 357 1938 tentibus
381 1875 600 1958 denegaverat,
624 1875 730 1939 oblitus
753 1875 822 1938 fidei
844 1895 917 1938 suae
940 1876 1096 1940 concessit.
1215 1895 1218 1905 ’

314 1983 365 2049 27.
411 1987 476 2050 Hoc
498 1987 548 2050 ubi
570 1990 715 2070 cognovit
737 1988 879 2052 sacerdos
902 1988 1042 2052 derelicta
1066 1990 1185 2052 civitate
1201 1989 1320 2054 llledio-

227 2102 351 2181 lanensi,
374 2100 410 2164 ad
436 2120 523 2182 qnam
546 2102 595 2166 ille
619 2102 757 2166 festinato
774 2103 922 2181 veniebat,
946 2104 983 2167 ad
1000 2102 1220 2168 Bononiensem
1242 2106 1320 2168 civi-

223 2224 315 2280 tatem
339 2218 475 2300 migravit
495 2222 584 2297 atque
601 2217 669 2280 inde
684 2218 855 2281 Faventiam
870 2237 966 2299 usque
988 2219 1129 2299 perrexit.
1174 2219 1229 2282 Ubi
1254 2238 1319 2282 oum

225 2333 380 2414 aliquantis
413 2331 538 2415 degeret
568 2331 689 2411 diebus,
722 2333 859 2395 invitatus
883 2352 899 2395 a
921 2333 1101 2396 Florentinis
1124 2331 1160 2394 ad
1184 2333 1321 2394 Tusciam

225 2463 322 2526 usque
348 2444 504 2507 descendit
528 2444 679 2507 declinans
704 2447 797 2528 magis
821 2454 971 2527 aspectum
994 2446 1133 2528 sacrilegi
1156 2447 1228 2524 viri,
1259 2463 1319 2508 non

225 2557 387 2621 formidans
418 2557 589 2638 imperantis
620 2557 772 2632 iniuriam3
805 2576 871 2619 nam
895 2563 924 2618 et
947 2556 1100 2637 epistulam
1131 2555 1318 2618 adeundam

223 2668 319 2747 dedit,
349 2671 380 2730 in
411 2687 469 2750 qua
497 2669 639 2730 convenit
670 2668 879 2732 conscientiam
911 2668 1005 2748 illius,
1038 2668 1076 2730 de
1103 2688 1159 2749 qua
1181 2688 1318 2752 paucae

224 2781 321 2845 multis
344 2782 484 2863 ponenda
507 2781 586 2844 duxi.
631 2782 700 2846 Etsi
732 2783 936 2862 imperatoria
962 2790 1103 2862 potestus
1129 2803 1242 2864 magno
1264 2783 1316 2861 sit,

224 2905 326 2959 tamen
349 2897 536 2973 considero,
561 2896 746 2975 imperator,
771 2905 906 2977 quantos
928 2897 970 2960 cit
990 2899 1077 2966 daos.
1125 2897 1234 2960 Cordo
1254 2899 1316 2960 lto-

220 3011 335 3072 minom
368 3011 471 3086 uidet,
519 3011 742 3074 conscientium
778 3012 958 3074 interiorem
995 3013 1190 3093 interrogat,
1228 3013 1317 3076 nouit

221 3125 343 3201 omnic,
377 3133 543 3204 antequam
572 3127 666 3206 fiant,
701 3127 790 3188 nouit
822 3126 946 3187 interna
974 3127 1115 3206 pectoris
1149 3126 1202 3187 toi.
1247 3126 1315 3204 lpsa'

218 3237 293 3316 falli
314 3257 370 3301 cos
393 3257 457 3301 ooo
478 3239 642 3318 potimini,
666 3249 697 3302 at
718 3241 807 3301 deum
828 3241 924 3303 cultis
949 3241 1073 3303 calore?
1110 3239 1181 3304 Noc
1204 3241 1316 3305 cecidit

220 3352 255 3416 in
277 3355 410 3416 animum
438 3362 522 3416 tuom
552 3354 738 3435 quicquam?
780 3355 816 3417 st
838 3355 887 3416 illi
910 3354 1045 3435 agebant
1073 3362 1135 3416 tom
1163 3373 1312 3433 persece-

220 3476 344 3545 rcnter‚
368 3487 472 3532 nonne
495 3476 578 3530 tuom
598 3466 678 3545 fuit,
704 3469 891 3547 imperator,
912 3487 973 3548 pro
990 3468 1041 3529 dei
1060 3469 1170 3528 sommi
1193 3477 1224 3530 ct
1244 3469 1313 3532 ocri

220 3589 250 3643 at
270 3582 335 3645 cici
357 3583 558 3646 ueneratione
580 3582 836 3661 perseverantius
868 3580 1017 3672 obsistere
1041 3590 1071 3644 at
1092 3601 1206 3662 uapore
1229 3583 1312 3662 qood

221 3704 289 3757 crat
309 3697 343 3756 in
366 3697 515 3760 intortum
537 3715 649 3759 sacrae
673 3697 775 3778 lepis?
818 3696 854 3758 Et
876 3697 998 3758 iterum:
1039 3693 1195 3768 Quoniam
1216 3697 1312 3777 igitur

219 3807 295 3868 mats
315 3809 444 3870 occidua
467 3817 498 3870 et
518 3809 605 3885 apud
625 3808 715 3869 deum
737 3815 767 3868 et
789 3809 873 3888 opud
895 3827 998 3870 omnes
1027 3807 1164 3870 domines
1193 3817 1309 3888 teneor,

219 3920 308 3982 aliod
334 3921 408 3982 milri
438 3923 623 3995 conticere
654 3921 814 3998 tutatum,
844 3922 934 3984 aliod
964 3940 1028 3984 non
1058 3930 1217 4001 oportere,
1248 3923 1310 3986 nisi

219 4040 255 4097 nt
277 4034 463 4098 declinando
487 4036 678 4100 consulerem
698 4035 790 4114 milri,
814 4037 889 4117 poio
911 4054 974 4099 noc
992 4035 1083 4116 potul
1106 4034 1169 4098 tibi.

307 4145 357 4213 28.
402 4147 434 4211 ln
463 4167 553 4234 supra
584 4149 659 4216 dicta
689 4152 788 4233 itaque
822 4150 940 4230 civitate
969 4147 1206 4248 Florentinorum
1235 4165 1308 4214 cum
