2932 4700
249 359 291 424 62
696 353 721 406 ε.
739 351 894 408 uunnosn

249 515 409 596 consortia,
432 514 482 596 qui
504 517 558 579 sub
581 515 683 598 specie
705 513 892 578 iucunditatis
910 530 1057 576 venenum
1072 511 1228 576 infundunt
1242 512 1338 577 bonis.

249 629 285 694 lli
307 630 334 695 si
355 628 471 694 adsidui
492 636 560 694 sunt
582 636 611 694 et
632 629 758 694 maxime
780 628 810 693 in
833 628 982 707 convivio,
1005 626 1075 690 ludo
1096 645 1131 690 ac
1144 628 1223 708 ioco,
1245 643 1339 689 ener-

249 751 320 808 vant
341 744 517 830 gravitatem
539 745 616 810 illam
637 747 761 810 virilem.
808 743 972 808 Careamus
994 744 1093 823 itaque
1115 761 1170 822 ne,
1194 739 1262 805 dum
1284 761 1340 805 re-

214 863 218 874 '
248 859 350 923 laxare
373 861 500 923 animum
523 860 676 940 volumus,
707 860 858 924 solvamus
888 877 1004 922 omnem
1027 857 1224 935 harmoniam,
1256 858 1340 937 quasi

249 981 424 1037 concentum
446 974 592 1056 quendam
614 977 761 1039 bonorum
785 992 909 1056 operum
916 993 926 1050 3
949 990 1021 1035 usus
1045 971 1122 1034 enim
1144 969 1203 1034 cito
1219 969 1341 1033 inflectit

249 1094 392 1153 naturam.

338 1198 388 1264 86.
433 1199 517 1262 Unde
554 1200 717 1281 prudenter
751 1198 835 1262 lactis
872 1199 1035 1262 convenire
1065 1199 1274 1262 ecclesiasticis
1311 1204 1341 1262 et

248 1315 376 1378 maxime
408 1314 608 1376 ministrorum
643 1311 747 1376 officiis
780 1312 908 1375 arbitror
942 1311 1091 1375 declinare
1115 1319 1340 1376 'extraneorum

249 1429 395 1508 convivia,
418 1427 466 1490 vel
487 1432 519 1490 ut
540 1427 597 1508 ipsi
619 1427 779 1508 hospitales
802 1427 865 1489 sitis
889 1426 1155 1508 peregrinantibus,
1179 1425 1228 1488 vel
1251 1434 1284 1489 ut
1304 1445 1340 1489 ea

249 1541 385 1605 cautione
414 1539 510 1603 nullus
540 1539 577 1602 sit
605 1539 767 1619 opprobrio
797 1538 891 1601 loeus.
938 1537 1080 1601 Convivia
1103 1537 1211 1619 quippe
1234 1543 1340 1600 extra-

248 1670 372 1716 neorum
392 1648 606 1732 'occupationes
629 1649 748 1729 habent,
771 1650 934 1712 tumeliam
953 1649 1091 1731 epulandi
1107 1649 1238 1732 produnt
1252 1651 1339 1733 cupi-

249 1764 375 1828 ditatem.
420 1765 589 1845 Subrepunt
617 1763 704 1825 etiam
734 1761 850 1825 tabulae
881 1761 1056 1843 frequenter
1086 1762 1123 1826 de
1152 1764 1273 1828 saeculo
1305 1783 1340 1827 ao

249 1881 471 1963 voluptatibus;‘
503 1880 641 1943 claudere
675 1894 763 1942 aures
797 1897 858 1941 non
890 1885 992 1960 potes3
1029 1877 1189 1960 prohibere
1222 1884 1340 1961 putatur

248 1995 415 2077 superbiae.
454 1994 622 2076 Subrepunt
644 1993 730 2055 etiam
751 1998 870 2074 praeter
884 1992 1065 2055 voluntatem
1080 1991 1196 2074 pocula.
1233 1992 1339 2054 Melius

248 2115 294 2172 est
315 2115 382 2172 tuae
405 2107 505 2172 domui
527 2108 621 2172 semel
643 2124 782 2187 excuses,
806 2125 892 2188 quarn
914 2106 1029 2169 alienae
1052 2104 1234 2187 frequenter,
1258 2112 1287 2168 et
1308 2110 1340 2168 ut

247 2223 312 2304 ipse
342 2223 461 2286 sobrius
487 2239 611 2306 surgas,
641 2229 736 2284 tamen
767 2240 807 2284 ex
836 2221 931 2284 aliena
961 2220 1118 2284 insolentia
1149 2219 1339 2284 condemnari
1380 2242 1387 2251 ·

248 2356 309 2401 uon
332 2338 421 2402 debet
441 2339 609 2421 praeseutia
632 2346 689 2403 tua.

334 2449 385 2514 87.
430 2451 590 2514 Viduarum
612 2470 647 2514 ac
670 2452 817 2534 virginum
840 2450 961 2529 domos,
992 2451 1048 2512 nisi
1071 2448 1207 2512 visitandi
1233 2449 1338 2532 gratia,

247 2565 380 2628 iuniores
403 2565 486 2628 adire
508 2584 569 2629 non
591 2569 638 2627 est
660 2582 745 2645 opus,
770 2571 800 2626 et
821 2564 880 2627 boo
903 2583 968 2627 cum
992 2563 1178 2642 senioribus,
1201 2563 1259 2626 boc
1281 2569 1337 2642 est,

247 2697 314 2742 cum
337 2678 481 2760 episcopo
503 2679 564 2758 vel,
586 2681 612 2742 si
627 2679 749 2762 gravior
763 2685 811 2741 est
825 2696 925 2757 causa,
948 2679 1222 2762 compresbyteris.
1260 2675 1337 2751 Quid

246 2809 374 2856 neeesse
406 2799 452 2855 est
480 2799 513 2855 ut
537 2791 640 2854 demus
663 2792 863 2856 saecularibus
886 2790 1069 2856 obtrectandi
1090 2791 1216 2855 locum?
1261 2789 1337 2865 Quid

248 2922 323 2987 opus
345 2912 400 2984 est,
423 2912 456 2967 ut
478 2905 544 2968 illae
567 2921 687 2986 quoque
710 2904 892 2968 visitationes
916 2906 1041 2968 crebrae
1063 2905 1207 2986 accipiant
1228 2909 1337 2966 aucto-

246 3019 389 3082 ritatem?
433 3019 509 3093 Ouid
528 3020 554 3082 si
569 3019 663 3100 aliqua
679 3019 793 3082 illarum
809 3019 886 3083 lorte
902 3020 1040 3083 labatur?
1064 3037 1118 3080 cur
1132 3018 1220 3081 alieni
1235 3017 1337 3099 lapsus

246 3132 355 3196 subeas
377 3132 538 3197 invidiam?
576 3135 669 3208 Quam
690 3134 797 3197 multos
820 3136 906 3197 etiam
926 3133 1020 3196 fortes
1037 3132 1186 3196 inlecebra
1203 3129 1336 3213 decepit!

246 3247 353 3324 Quanti
375 3265 436 3310 non
458 3247 604 3311 dederunt
627 3248 724 3310 errori
745 3247 852 3326 locum,
874 3253 905 3310 et
928 3246 1074 3310 dederunt
1095 3244 1273 3328 suspicioni!

334 3358 384 3426 88.
430 3359 489 3426 Cur
521 3380 581 3427 uon
614 3362 662 3425 illa
694 3367 841 3444 tempora,
876 3362 982 3443 quibus
1012 3362 1049 3424 ab
1080 3360 1207 3423 ecclesia
1236 3353 1338 3437 vaces,

246 3472 365 3537 lectioni
387 3471 558 3557 inpendas?
602 3472 661 3537 Cur
688 3491 749 3537 non
773 3472 919 3536 Christum
948 3474 1078 3553 revisas,
1110 3471 1255 3535 Christum
1278 3469 1336 3532 ad·

245 3588 393 3669 loquaris,
423 3587 568 3651 Christum
597 3587 723 3650 audias?
767 3587 848 3649 lllum
876 3585 1079 3668 adloquium,
1111 3604 1177 3648 cum
1207 3601 1333 3660 oramus,

246 3703 326 3766 illum
349 3702 498 3782 audimus,
528 3721 594 3765 cum
618 3703 715 3765 divina
735 3703 863 3784 legimus
886 3701 1014 3765 oracula.
1059 3699 1136 3773 Quid
1159 3698 1244 3761 nobis
1268 3713 1334 3759 cum

246 3818 349 3881 alienis
380 3817 539 3881 domibus?
590 3815 653 3879 Una
685 3823 731 3880 est
761 3814 882 3894 domus,
914 3821 990 3896 quae
1021 3829 1123 3877 omnes
1153 3812 1239 3894 capit.
1292 3809 1334 3872 llli

245 3932 344 4014 potius
367 3931 403 3994 ad
426 3948 482 3994 nos
504 3931 641 4010 veniant,
674 3930 724 4011 qui
753 3946 809 3991 nos
837 3929 999 4010 requirunt.
1045 3925 1120 4000 Ouid
1151 3925 1237 3989 nobis
1267 3943 1334 3987 cum

233 4043 381 4108 *labulis‘t
424 4044 618 4108 llinistem‘um
640 4043 778 4108 altaribus
802 4042 924 4124 Christi,
954 4060 1015 4106 non
1037 4041 1213 4124 obsequium
1233 4039 1334 4105 bomi-

246 4160 332 4226 uibus
354 4157 548 4224 deferendum
569 4159 745 4241 recepimus.
