2932 4700
589 369 613 426 s.
633 367 796 426 nmsosn
1195 373 1234 444 21

145 533 207 598 eui.
222 528 253 617 ¹]
296 531 408 598 Vocem
429 531 507 596 enim
523 532 610 615 eripit
624 531 798 597 adversario
814 538 844 596 et
860 533 944 616 quari
967 532 1074 598 dentes
1096 536 1239 618 quosdam

146 653 269 730 paratos
292 645 329 709 ad
352 645 491 728 praedam
522 647 733 711 criminationis
756 644 883 710 infestae
902 653 1095 729 peccatorum
1117 667 1239 716 suorum

147 759 343 825 confessione
365 758 528 843 cordringit
550 758 625 824 dans
648 759 795 823 honorem
818 758 892 839 deo,
915 761 963 822 cui
985 759 1063 824 nuda
1087 770 1157 827 sunt
1172 781 1240 830 om·

146 873 197 936 nia
214 868 245 955 ²)
276 875 378 954 etqui
401 872 463 936 ruit
485 873 572 936 vitam
601 872 695 956 magis
723 874 910 954 peccatoris,
941 892 1028 955 mam
1058 883 1190 942 mortem.
1207 875 1241 963 ³)

146 988 222 1052 Nam
245 991 275 1050 et
296 987 352 1068 ipsi
374 987 534 1068 paenitenti
556 1006 617 1052 non
648 985 756 1051 suffieit
785 987 848 1051 sote
878 986 1048 1067 consessio,
1078 991 1135 1054 nisi
1165 993 1240 1056 sub-

147 1109 294 1183 sequatur
323 1100 491 1165 emendatio
514 1101 601 1180 iecti,
627 1107 660 1164 ut
682 1101 836 1183 paenitens
865 1103 1040 1184 paenitenda
1062 1122 1122 1168 non
1145 1103 1241 1186 faeiat,

146 1216 281 1280 humiliet
303 1216 389 1278 etiam
412 1215 536 1279 animam
561 1234 663 1296 suam,
697 1217 774 1279 sicut
796 1215 890 1278 David
914 1224 1051 1298 sanctus,
1081 1218 1132 1300 qui
1153 1225 1242 1300 post-

148 1347 236 1410 quam
266 1328 378 1392 audivit
400 1349 416 1392 a
438 1330 599 1412 propbeta:
632 1331 805 1394 Dimissom
834 1339 881 1393 est
907 1339 1065 1410 peccatum
1090 1339 1191 1411 mum,
1208 1330 1242 1417 ⁴)

147 1445 286 1510 humilior
315 1444 410 1508 factus
442 1453 488 1510 est
518 1448 549 1510 in
584 1445 792 1510 emendatione
821 1448 949 1530 peccati,
979 1448 1018 1508 ita
1049 1453 1080 1508 ut
1110 1447 1242 1510 cinerem

148 1559 226 1622 sicut
247 1577 352 1641 panem
375 1559 567 1624 manducaret
586 1567 616 1622 et
634 1565 734 1642 potum
757 1577 842 1623 suum
865 1577 932 1622 cum
955 1559 1026 1623 fletu
1048 1560 1195 1623 misceret
1209 1556 1241 1643 ⁵)

236 1671 287 1737 40.
331 1673 434 1737 Flebat
457 1674 544 1737 etiam
563 1675 761 1754 amarissime,
787 1675 1051 1756 quotienscumque
1066 1672 1145 1736 torte
1160 1693 1242 1737 nun·

147 1787 249 1850 tiatum
272 1787 313 1850 illi
336 1785 432 1851 iuerat
462 1787 500 1850 de
523 1788 737 1869 cuiuscumque
765 1789 860 1852 sancti
889 1789 972 1851 obitu
999 1786 1180 1867 sacerdotis,
1210 1787 1241 1850 in

147 1907 277 1978 tantum,
309 1907 341 1962 ut
367 1918 424 1965 nos
454 1901 533 1964 illum
561 1901 711 1964 consolari
739 1902 925 1982 videremur,
958 1902 1132 1986 ignorantes
1161 1901 1241 1981 pium

148 2013 287 2076 affectum
310 2013 382 2093 viri,
406 2032 462 2076 nec
485 2032 542 2096 qua
565 2017 681 2078 ratione
700 2017 738 2079 ita
755 2015 841 2078 tieret
863 2016 1082 2099 intellegentes.
1128 2014 1240 2088 Quibus

147 2128 199 2191 ille
221 2127 389 2191 huiusmodi
410 2146 587 2210 responsum
610 2129 769 2194 reddebat:
792 2131 859 2193 Nou
876 2148 912 2192 se
929 2130 1020 2207 flere,
1044 2129 1111 2209 quia
1133 2145 1241 2192 reces-

148 2247 246 2320 serat,
271 2242 321 2323 qui
344 2241 440 2304 fuerat
462 2247 594 2304 mortuus
617 2243 783 2322 nuntiatus,
807 2244 860 2306 sed
885 2243 952 2324 quia
974 2259 1008 2304 se
1023 2246 1240 2323 praecesserat,

147 2354 197 2416 vel
219 2355 287 2434 quia
309 2351 429 2416 difficile
451 2359 532 2416 esset
554 2353 689 2416 invenire
711 2355 825 2434 virum,
857 2355 907 2436 qui
930 2372 1045 2418 samnio
1067 2353 1237 2418 sacerdotio

147 2466 256 2551 dignus
278 2467 448 2531 haberetur.
493 2467 560 2550 lpse
590 2474 687 2532 autem
718 2469 755 2532 de
785 2487 839 2533 sua
872 2476 966 2533 morte
996 2476 1063 2534 ante
1092 2469 1240 2553 praedixit

147 2581 227 2662 quod
250 2597 347 2662 usque
370 2580 408 2646 ad
429 2583 539 2664 paseha
566 2584 721 2648 nobiscum
750 2584 867 2648 futurus
891 2592 986 2648 esset:
1018 2585 1099 2666 quod
1121 2583 1239 2666 quidem

148 2696 255 2758 meruit
278 2696 427 2760 dominum
450 2698 637 2764 obsecrando
662 2718 720 2782 quo
743 2703 884 2764 maturius
907 2701 976 2763 hine
995 2700 1184 2763 liberaretur.

236 2806 286 2871 41.
331 2810 556 2893 Ingemescebat
587 2814 665 2876 enim
700 2815 909 2892 vehementer,
943 2832 1009 2878 eum
1038 2813 1156 2878 videret
1185 2832 1238 2878 ra-

148 2921 244 2988 dicem
267 2927 397 2988 omnium
420 2926 578 3005 malorum,
610 2926 779 3006 avaritiam,
810 2945 886 3008 quae
909 2945 1008 3008 neque
1031 2929 1117 3008 copia
1140 2946 1238 3009 neque

147 3040 249 3123 inopia
270 3041 362 3104 minui
383 3047 497 3122 potest,
519 3043 613 3126 magis
636 3043 791 3128 magisque
814 3043 986 3105 increscere
1009 3042 1039 3104 in
1062 3042 1238 3122 bominibus,

149 3162 180 3217 et
201 3156 329 3218 maxime
351 3156 381 3218 in
403 3155 456 3234 iis,
488 3156 537 3236 qui
561 3154 590 3216 in
613 3156 808 3238 potestatibus
838 3163 923 3218 erant
945 3157 1112 3235 constituti,
1145 3157 1184 3218 ita
1206 3162 1239 3218 ut

148 3268 368 3334 interveniendi
384 3269 426 3332 illi
442 3271 517 3351 apud
535 3271 601 3334 titos
616 3270 810 3354 gravissimus
832 3271 916 3334 tabor
940 3275 1034 3348 esset,
1057 3271 1125 3350 quta
1141 3268 1238 3332 omnia

147 3383 245 3466 pretio
277 3382 522 3447 distrahebantur.
568 3383 652 3457 Quae
681 3399 730 3446 res
762 3400 850 3446 omne
879 3382 984 3445 malum
1007 3382 1102 3463 primo
1124 3381 1239 3444 invexit

147 3497 248 3563 italiae
259 3519 269 3575 ;
293 3497 403 3561 exinde
428 3499 524 3560 omnia
547 3503 712 3582 verguntur
734 3498 763 3560 iu
786 3498 881 3580 peius.
925 3496 962 3559 Et
984 3494 1054 3577 quid
1076 3495 1188 3575 dicam,
1213 3495 1238 3558 si

147 3613 179 3676 in
204 3611 373 3676 huiusmodi
402 3612 541 3694 personis
571 3611 610 3673 ita
640 3612 752 3674 rabiem
780 3628 864 3673 suam
895 3614 1032 3689 exercet,
1064 3607 1113 3689 qui
1141 3607 1239 3670 solent

147 3732 198 3790 aut
228 3725 356 3790 filiorum
387 3732 436 3787 aut
462 3724 695 3807 propinquorum
725 3740 830 3786 causas
857 3723 1056 3804 praetendere
1078 3723 1120 3786 cd
1141 3739 1238 3786 ecco-

147 3842 268 3905 sondos
290 3840 511 3903 accusationes
532 3839 567 3898 tn
584 3837 742 3917 peccetis,
760 3833 787 3916 ⁶)
818 3835 1055 3918 quandoquidem
1076 3836 1238 3918 plerosque

149 4013 354 4021 --.-—--..-...

220 4110 249 4181 1)
267 4111 342 4164 Prov.
357 4109 453 4177 18,17.
507 4109 536 4179 2)
557 4108 635 4162 Hebr.
646 4109 672 4175 t,
685 4108 725 4161 13.
778 4106 813 4176 3).
824 4107 979 4175 Hieeec18,
994 4109 1036 4162 32.
1090 4109 1120 4176 4)
1138 4107 1236 4178 anag.

149 4200 191 4269 12,
212 4197 251 4253 13.
323 4199 353 4268 5)
371 4198 460 4251 Psalm.
480 4197 539 4264 101,
559 4197 599 4249 10.
671 4197 699 4263 6)
718 4195 807 4249 Psalm.
828 4195 886 4262 140,
905 4196 929 4248 t.
