2976 4706
668 365 693 421 S.
713 363 867 420 AbleOSdl

636 585 806 652 CAPUT
841 586 901 650 IX.

222 753 340 821 Quamvis
359 751 503 810 individuae
522 753 572 804 sint
589 753 680 804 iustitia
701 759 775 820 atque
794 752 944 818 prudentia,
968 750 1037 818 vulgi
1061 759 1145 804 ιιιιιιιιι
1172 750 1313 804 cardinales

368 867 371 874 >
422 843 529 895 virtutes
548 840 723 908 distinguentis
742 841 843 908 ingenio
862 839 1024 891 serviendam
1043 853 1108 890 esse.

308 983 359 1050 48.
404 985 509 1064 Liquet
539 983 629 1066 igitur
660 983 745 1045 etiam
777 981 941 1046 secundum
971 985 1146 1064 scripturam
1176 979 1312 1058 divinam,

221 1119 296 1183 quae
319 1100 468 1180 antiquior
491 1105 553 1176 est,
585 1098 759 1179 sapientiam
788 1098 854 1158 sine
882 1097 991 1160 iustitia
1023 1114 1092 1158 esse
1120 1113 1180 1157 non
1209 1109 1311 1175 posse,

221 1214 290 1298 quia
312 1215 362 1278 ubi
385 1231 443 1275 una
467 1227 568 1274 earum
591 1210 739 1287 virtutum,
763 1208 802 1270 ibi
825 1214 949 1288 utraque
972 1215 1027 1270 est.
1065 1205 1169 1270 Daniel
1187 1201 1214 1287 ¹)
1232 1221 1312 1284 quo-

223 1343 281 1406 que
311 1343 399 1407 quam
429 1321 578 1404 sapienter
609 1320 666 1381 alta
698 1320 933 1402 interrogatione
956 1317 1161 1382 fraudolentae
1184 1335 1312 1380 aecusa-

223 1439 312 1502 tionis
335 1437 530 1518 deprehendit
552 1433 743 1514 mendacium,
768 1442 799 1498 ut
822 1435 1063 1498 calumniatorum
1082 1436 1138 1497 sihi
1154 1433 1313 1516 responsio

221 1571 282 1616 non
305 1551 509 1615 conveniret?
553 1550 730 1612 Prudentiae
754 1550 844 1632 igitur
866 1548 919 1612 luit
943 1550 1026 1614 vocis
1049 1567 1121 1612 suae
1146 1548 1312 1610 testimonio

220 1683 291 1730 reos
315 1665 445 1747 prodere
452 1686 461 1740 3
491 1664 618 1726 iustitiae
640 1681 759 1744 quoque
788 1672 931 1728 nocentes
961 1663 1105 1745 supplicio
1138 1662 1226 1742 dare,
1262 1663 1312 1723 in-

221 1786 380 1844 nocentem
402 1778 579 1842 subducere.

309 1890 360 1958 49.
406 1893 458 1956 Est
480 1911 555 1975 ergo
579 1889 759 1954 individuum
782 1891 945 1973 sapientiae
968 1896 1056 1970 atquc
1079 1891 1204 1952 iustitiae
1234 1907 1311 1952 con-

222 2009 397 2088 tubernium,
421 2008 475 2073 sed
493 2008 572 2092 vulgi
592 2025 649 2073 usa
665 2006 802 2069 dividitur
820 2024 878 2069 una
894 2006 1037 2087 quaedam
1053 2005 1147 2068 forma
1163 2004 1311 2082 virtutum,

223 2130 254 2186 ut
269 2124 461 2205 temperantia
476 2125 514 2186 sit
529 2125 557 2184 in
575 2119 772 2204 despiciendis
786 2121 991 2202 voluptatibus
1008 2118 1149 2183 fortitudo
1162 2124 1312 2199 spectetur

221 2237 251 2300 in
274 2237 424 2300 laboribus
447 2243 476 2298 et
498 2236 648 2319 periculis,
672 2235 827 2317 prudentia
849 2235 878 2304 in
902 2235 1019 2298 delectu
1034 2234 1189 2311 bonorum,
1213 2233 1312 2296 sciens

222 2350 378 2414 commoda
401 2357 431 2412 et
453 2347 580 2412 adversa
602 2349 794 2432 distinguere,
816 2351 934 2428 iustitia,
958 2367 1034 2431 quae
1057 2351 1095 2411 sit
1117 2350 1194 2412 hona
1210 2354 1311 2410 custos

222 2467 294 2530 iuris
325 2466 412 2528 alieni
444 2474 473 2528 ct
502 2465 613 2529 vindex
643 2466 848 2546 proprietatis,
880 2483 965 2528 suum
988 2466 1094 2545 cuique
1117 2477 1310 2524 conservans.

222 2579 265 2644 Sit
295 2597 370 2660 ergo
404 2579 489 2641 nohis
521 2581 683 2643 comarunis
716 2579 862 2660 opinionis
886 2580 978 2660 gratia
1002 2577 1211 2659 quadripartita
1235 2576 1311 2637 haec

222 2692 298 2756 sacta
322 2691 445 2772 divisio,
478 2701 511 2756 ut
534 2695 569 2754 ah
587 2692 640 2754 'illa
663 2694 761 2755 subtili
785 2692 981 2773 disputatione
1005 2693 1226 2775 philosophicae
1257 2707 1310 2752 sa-

221 2807 359 2890 pientiae,
383 2825 460 2888 quac
481 2806 625 2870 limandae
648 2808 779 2869 veritatis
804 2825 892 2868 causa
916 2808 999 2886 quasi
1022 2826 1061 2869 ex
1077 2807 1166 2889 adyto
1182 2804 1309 2886 quodam

223 2923 344 2999 emitur,
367 2921 552 2984 retrahentes
575 2921 689 3004 pedem,
714 2921 863 2984 forensem
886 2940 971 2984 usum
994 2940 1028 2985 ac
1048 2920 1220 3003 popularem
1236 2937 1310 2982 sen-

223 3053 287 3098 sum
314 3053 479 3115 sequamur.
523 3036 584 3097 llac
615 3036 705 3119 igitur
736 3035 880 3098 divisione
911 3044 1030 3099 servata
1059 3041 1243 3097 revertamur
1274 3031 1310 3095 ad

222 3148 414 3231 propositum.

643 3287 812 3356 CAPUT
845 3289 888 3354 X.

222 3435 333 3486 Salutem
356 3434 413 3486 iusti
438 3436 487 3487 viri
510 3452 584 3505 quarn
607 3437 736 3504 prudentis
754 3437 861 3488 consilio
880 3438 960 3505 magis
978 3439 1113 3500 committi;
1140 3453 1198 3488 eum
1216 3445 1309 3502 autem,

223 3525 266 3593 qni
284 3524 402 3574 iustitiam
421 3540 451 3576 ac
469 3525 627 3592 prudentiam
645 3527 669 3578 in
687 3541 716 3576 se
735 3527 899 3590 coniunxerit,
921 3525 952 3576 ab
972 3525 1086 3576 omnibus
1106 3526 1191 3592 expeti
1209 3525 1309 3589 solerc;
1377 3562 1379 3566 -

222 3611 294 3664 huius
314 3612 351 3662 rei
370 3612 511 3679 exemplum
528 3611 606 3664 luisse
626 3619 678 3665 tum
697 3613 872 3678 Salomonem,
890 3613 921 3664 de
940 3628 990 3681 quo
1008 3612 1087 3664 verba
1105 3615 1209 3682 reginae
1227 3612 1309 3666 Sabae

470 3711 636 3769 exponuntur,
656 3709 708 3754 tum
726 3701 860 3770 losephanr
880 3710 905 3751 et
923 3699 1061 3752 Danielem.

310 3822 360 3888 50.
404 3823 634 3888 Prudentissimo
662 3826 768 3906 cuique
797 3841 915 3888 causam
945 3830 1075 3887 nostram
1104 3825 1308 3890 committimus

223 3944 254 4000 et
286 3938 321 4000 ab
356 3955 393 3999 eo
430 3939 582 4001 consilium
621 3940 800 4020 promptius,
839 3956 924 4018 quam
959 3957 976 4000 a
1009 3940 1117 4001 ceteris
1150 3941 1307 4022 poscimus.

229 4089 434 4100 ——n-

294 4181 321 4246 t)
341 4181 405 4232 Dan.
426 4177 468 4246 13,
486 4179 521 4230 44
538 4195 608 4249 seqq.
