<?xml version="1.0" encoding="UTF-8"?>
<!DOCTYPE html PUBLIC "-//W3C//DTD XHTML 1.0 Transitional//EN"
    "http://www.w3.org/TR/xhtml1/DTD/xhtml1-transitional.dtd">
<html xmlns="http://www.w3.org/1999/xhtml" xml:lang="en" lang="en">
 <head>
  <title>
</title>
<meta http-equiv="Content-Type" content="text/html;charset=utf-8" />
  <meta name='ocr-system' content='tesseract 3.04.00' />
  <meta name='ocr-capabilities' content='ocr_page ocr_carea ocr_par ocr_line ocrx_word'/>
</head>
<body>
  <div class='ocr_page' id='page_1' title='image "./deofficiisminis01krabgoog_0143.png"; bbox 0 0 2976 4706; ppageno 0'>
   <div class='ocr_carea' id='block_1_1' title="bbox 227 313 874 390">
    <p class='ocr_par' dir='ltr' id='par_1_1' title="bbox 227 313 874 390">
     <span class='ocr_line' id='line_1_1' title="bbox 227 313 874 390; baseline -0.003 -21"><span class='ocrx_word' id='word_1_1' title='bbox 227 325 290 390; x_wconf 74' lang='lat' dir='ltr'><strong>litt</strong></span> <span class='ocrx_word' id='word_1_2' title='bbox 674 316 699 370; x_wconf 92' lang='lat' dir='ltr'><strong>s.</strong></span> <span class='ocrx_word' id='word_1_3' title='bbox 718 313 874 368; x_wconf 81' lang='lat' dir='ltr'><strong>nuenosu</strong></span> 
     </span>
    </p>
   </div>
   <div class='ocr_carea' id='block_1_2' title="bbox 176 473 1327 3861">
    <p class='ocr_par' dir='ltr' id='par_1_2' title="bbox 224 473 1320 1016">
     <span class='ocr_line' id='line_1_2' title="bbox 224 473 1319 564; baseline -0.013 -14"><span class='ocrx_word' id='word_1_4' title='bbox 224 485 300 550; x_wconf 87' lang='lat' dir='ltr'><strong>nitas</strong></span> <span class='ocrx_word' id='word_1_5' title='bbox 330 482 476 564; x_wconf 81' lang='lat' dir='ltr'>nihilque,</span> <span class='ocrx_word' id='word_1_6' title='bbox 510 478 591 561; x_wconf 88' lang='lat' dir='ltr'><strong>quod</strong></span> <span class='ocrx_word' id='word_1_7' title='bbox 622 485 681 542; x_wconf 89' lang='lat' dir='ltr'><strong>lam</strong></span> <span class='ocrx_word' id='word_1_8' title='bbox 709 475 796 542; x_wconf 89' lang='lat' dir='ltr'><strong>lacile</strong></span> <span class='ocrx_word' id='word_1_9' title='bbox 828 475 974 540; x_wconf 74' lang='lat' dir='ltr'><strong>inlabatur</strong></span> <span class='ocrx_word' id='word_1_10' title='bbox 1005 476 1141 543; x_wconf 85' lang='lat' dir='ltr'><strong>humanis</strong></span> <span class='ocrx_word' id='word_1_11' title='bbox 1173 473 1319 537; x_wconf 81' lang='lat' dir='ltr'>sensibus.</span> 
     </span>
     <span class='ocr_line' id='line_1_3' title="bbox 225 588 1320 669; baseline -0.01 -8"><span class='ocrx_word' id='word_1_12' title='bbox 225 597 267 661; x_wconf 87' lang='lat' dir='ltr'><strong>Ea</strong></span> <span class='ocrx_word' id='word_1_13' title='bbox 301 597 326 661; x_wconf 93' lang='lat' dir='ltr'><strong>si</strong></span> <span class='ocrx_word' id='word_1_14' title='bbox 359 593 586 660; x_wconf 72' lang='lat' dir='ltr'><strong>mansuetudine</strong></span> <span class='ocrx_word' id='word_1_15' title='bbox 620 610 734 655; x_wconf 82' lang='lat' dir='ltr'><strong>mamm</strong></span> <span class='ocrx_word' id='word_1_16' title='bbox 770 609 804 654; x_wconf 89' lang='lat' dir='ltr'><strong>ac</strong></span> <span class='ocrx_word' id='word_1_17' title='bbox 838 589 994 669; x_wconf 69' lang='lat' dir='ltr'><strong>facilitate,</strong></span> <span class='ocrx_word' id='word_1_18' title='bbox 1027 597 1086 653; x_wconf 88' lang='lat' dir='ltr'><strong>tum</strong></span> <span class='ocrx_word' id='word_1_19' title='bbox 1117 588 1320 657; x_wconf 76' lang='lat' dir='ltr'><strong>moderatione</strong></span> 
     </span>
     <span class='ocr_line' id='line_1_4' title="bbox 225 701 1320 792; baseline -0.007 -20"><span class='ocrx_word' id='word_1_20' title='bbox 225 709 376 792; x_wconf 83' lang='lat' dir='ltr'><strong>praecepti</strong></span> <span class='ocrx_word' id='word_1_21' title='bbox 399 715 429 770; x_wconf 90' lang='lat' dir='ltr'><strong>el</strong></span> <span class='ocrx_word' id='word_1_22' title='bbox 452 705 619 768; x_wconf 78' lang='lat' dir='ltr'><strong>affabilitate</strong></span> <span class='ocrx_word' id='word_1_23' title='bbox 642 703 809 781; x_wconf 88' lang='lat' dir='ltr'><strong>sermonis,</strong></span> <span class='ocrx_word' id='word_1_24' title='bbox 841 701 1002 765; x_wconf 88' lang='lat' dir='ltr'><strong>verborum</strong></span> <span class='ocrx_word' id='word_1_25' title='bbox 1032 701 1167 782; x_wconf 91' lang='lat' dir='ltr'><strong>bonore,</strong></span> <span class='ocrx_word' id='word_1_26' title='bbox 1200 701 1320 784; x_wconf 84' lang='lat' dir='ltr'><strong>patienti</strong></span> 
     </span>
     <span class='ocr_line' id='line_1_5' title="bbox 226 815 1320 906; baseline -0.01 -19"><span class='ocrx_word' id='word_1_27' title='bbox 226 840 346 906; x_wconf 88' lang='lat' dir='ltr'><strong>quoque</strong></span> <span class='ocrx_word' id='word_1_28' title='bbox 370 837 540 884; x_wconf 86' lang='lat' dir='ltr'><strong>sermonum</strong></span> <span class='ocrx_word' id='word_1_29' title='bbox 563 819 629 882; x_wconf 91' lang='lat' dir='ltr'><strong>vice</strong></span> <span class='ocrx_word' id='word_1_30' title='bbox 652 817 877 899; x_wconf 85' lang='lat' dir='ltr'><strong>modestiaeque</strong></span> <span class='ocrx_word' id='word_1_31' title='bbox 900 815 1056 879; x_wconf 86' lang='lat' dir='ltr'><strong>adiuvetur</strong></span> <span class='ocrx_word' id='word_1_32' title='bbox 1078 816 1190 898; x_wconf 79' lang='lat' dir='ltr'><strong>gratia,</strong></span> <span class='ocrx_word' id='word_1_33' title='bbox 1218 815 1320 877; x_wconf 89' lang='lat' dir='ltr'><strong>incre-</strong></span> 
     </span>
     <span class='ocr_line' id='line_1_6' title="bbox 227 930 1076 1016; baseline -0.009 -16"><span class='ocrx_word' id='word_1_34' title='bbox 227 937 324 1016; x_wconf 87' lang='lat' dir='ltr'><strong>dibile,</strong></span> <span class='ocrx_word' id='word_1_35' title='bbox 348 941 489 1016; x_wconf 86' lang='lat' dir='ltr'><strong>quanlum</strong></span> <span class='ocrx_word' id='word_1_36' title='bbox 512 932 647 1014; x_wconf 85' lang='lat' dir='ltr'><strong>procedit</strong></span> <span class='ocrx_word' id='word_1_37' title='bbox 670 931 706 994; x_wconf 91' lang='lat' dir='ltr'><strong>ad</strong></span> <span class='ocrx_word' id='word_1_38' title='bbox 730 931 878 994; x_wconf 90' lang='lat' dir='ltr'><strong>cumulum</strong></span> <span class='ocrx_word' id='word_1_39' title='bbox 902 930 1076 994; x_wconf 91' lang='lat' dir='ltr'><strong>dilectionis.</strong></span> 
     </span>
    </p>

    <p class='ocr_par' dir='ltr' id='par_1_3' title="bbox 226 1043 1322 1926">
     <span class='ocr_line' id='line_1_7' title="bbox 314 1043 1320 1130; baseline -0.008 -17"><span class='ocrx_word' id='word_1_40' title='bbox 314 1047 365 1114; x_wconf 84' lang='lat'><strong>30.</strong></span> <span class='ocrx_word' id='word_1_41' title='bbox 409 1049 549 1130; x_wconf 86' lang='lat' dir='ltr'><strong>Legimus</strong></span> <span class='ocrx_word' id='word_1_42' title='bbox 573 1049 650 1110; x_wconf 90' lang='lat' dir='ltr'><strong>enim</strong></span> <span class='ocrx_word' id='word_1_43' title='bbox 673 1065 734 1109; x_wconf 93' lang='lat' dir='ltr'><strong>non</strong></span> <span class='ocrx_word' id='word_1_44' title='bbox 757 1046 854 1110; x_wconf 91' lang='lat' dir='ltr'><strong>solum</strong></span> <span class='ocrx_word' id='word_1_45' title='bbox 876 1046 906 1108; x_wconf 92' lang='lat' dir='ltr'><strong>in</strong></span> <span class='ocrx_word' id='word_1_46' title='bbox 929 1046 1069 1128; x_wconf 88' lang='lat' dir='ltr'><strong>privatis,</strong></span> <span class='ocrx_word' id='word_1_47' title='bbox 1103 1044 1156 1108; x_wconf 86' lang='lat' dir='ltr'><strong>sed</strong></span> <span class='ocrx_word' id='word_1_48' title='bbox 1182 1045 1268 1106; x_wconf 89' lang='lat' dir='ltr'><strong>etiam</strong></span> <span class='ocrx_word' id='word_1_49' title='bbox 1291 1043 1320 1106; x_wconf 94' lang='lat' dir='ltr'><strong>in</strong></span> 
     </span>
     <span class='ocr_line' id='line_1_8' title="bbox 226 1158 1321 1247; baseline -0.007 -19"><span class='ocrx_word' id='word_1_50' title='bbox 226 1165 298 1247; x_wconf 92' lang='lat' dir='ltr'><strong>ipsis</strong></span> <span class='ocrx_word' id='word_1_51' title='bbox 322 1163 460 1245; x_wconf 86' lang='lat' dir='ltr'><strong>regibus,</strong></span> <span class='ocrx_word' id='word_1_52' title='bbox 490 1166 628 1242; x_wconf 88' lang='lat' dir='ltr'><strong>quantum</strong></span> <span class='ocrx_word' id='word_1_53' title='bbox 652 1159 777 1223; x_wconf 83' lang='lat' dir='ltr'><strong>facilitas</strong></span> <span class='ocrx_word' id='word_1_54' title='bbox 800 1159 927 1223; x_wconf 85' lang='lat' dir='ltr'><strong>blandae</strong></span> <span class='ocrx_word' id='word_1_55' title='bbox 949 1158 1128 1223; x_wconf 77' lang='lat' dir='ltr'><strong>affabilitatis</strong></span> <span class='ocrx_word' id='word_1_56' title='bbox 1150 1158 1321 1240; x_wconf 77' lang='lat' dir='ltr'><strong>profecerit,</strong></span> 
     </span>
     <span class='ocr_line' id='line_1_9' title="bbox 228 1274 1321 1360; baseline -0.005 -19"><span class='ocrx_word' id='word_1_57' title='bbox 228 1285 278 1341; x_wconf 89' lang='lat' dir='ltr'><strong>aut</strong></span> <span class='ocrx_word' id='word_1_58' title='bbox 300 1277 437 1358; x_wconf 91' lang='lat' dir='ltr'><strong>superbia</strong></span> <span class='ocrx_word' id='word_1_59' title='bbox 462 1276 681 1356; x_wconf 85' lang='lat' dir='ltr'><strong>verborumque</strong></span> <span class='ocrx_word' id='word_1_60' title='bbox 705 1275 835 1340; x_wconf 89' lang='lat' dir='ltr'><strong>obluerit</strong></span> <span class='ocrx_word' id='word_1_61' title='bbox 857 1283 963 1356; x_wconf 86' lang='lat' dir='ltr'><strong>tumor,</strong></span> <span class='ocrx_word' id='word_1_62' title='bbox 986 1283 1018 1338; x_wconf 89' lang='lat' dir='ltr'><strong>ut</strong></span> <span class='ocrx_word' id='word_1_63' title='bbox 1039 1293 1134 1360; x_wconf 85' lang='lat' dir='ltr'><strong>regna</strong></span> <span class='ocrx_word' id='word_1_64' title='bbox 1157 1275 1220 1356; x_wconf 88' lang='lat' dir='ltr'><strong>ipsa</strong></span> <span class='ocrx_word' id='word_1_65' title='bbox 1236 1274 1321 1338; x_wconf 87' lang='lat' dir='ltr'><strong>labe·-</strong></span> 
     </span>
     <span class='ocr_line' id='line_1_10' title="bbox 227 1389 1321 1472; baseline -0.002 -19"><span class='ocrx_word' id='word_1_66' title='bbox 227 1390 351 1453; x_wconf 86' lang='lat' dir='ltr'><strong>factaret</strong></span> <span class='ocrx_word' id='word_1_67' title='bbox 382 1397 411 1452; x_wconf 92' lang='lat' dir='ltr'><strong>el</strong></span> <span class='ocrx_word' id='word_1_68' title='bbox 441 1395 617 1471; x_wconf 87' lang='lat' dir='ltr'><strong>potestatem</strong></span> <span class='ocrx_word' id='word_1_69' title='bbox 647 1392 790 1454; x_wconf 89' lang='lat' dir='ltr'><strong>solveret.</strong></span> <span class='ocrx_word' id='word_1_70' title='bbox 835 1390 893 1454; x_wconf 88' lang='lat' dir='ltr'><strong>lam</strong></span> <span class='ocrx_word' id='word_1_71' title='bbox 926 1393 951 1454; x_wconf 90' lang='lat' dir='ltr'><strong>si</strong></span> <span class='ocrx_word' id='word_1_72' title='bbox 983 1391 1048 1472; x_wconf 86' lang='lat' dir='ltr'><strong>quis</strong></span> <span class='ocrx_word' id='word_1_73' title='bbox 1080 1389 1221 1468; x_wconf 91' lang='lat' dir='ltr'><strong>consilio,</strong></span> <span class='ocrx_word' id='word_1_74' title='bbox 1254 1405 1321 1468; x_wconf 90' lang='lat' dir='ltr'><strong>usu,</strong></span> 
     </span>
     <span class='ocr_line' id='line_1_11' title="bbox 227 1500 1321 1584; baseline -0.005 -18"><span class='ocrx_word' id='word_1_75' title='bbox 227 1504 401 1581; x_wconf 89' lang='lat' dir='ltr'><strong>ministerio,</strong></span> <span class='ocrx_word' id='word_1_76' title='bbox 425 1502 531 1565; x_wconf 84' lang='lat' dir='ltr'><strong>officiis</strong></span> <span class='ocrx_word' id='word_1_77' title='bbox 554 1501 726 1583; x_wconf 89' lang='lat' dir='ltr'><strong>popularem</strong></span> <span class='ocrx_word' id='word_1_78' title='bbox 751 1502 974 1584; x_wconf 84' lang='lat' dir='ltr'><strong>comprehendat</strong></span> <span class='ocrx_word' id='word_1_79' title='bbox 991 1501 1125 1584; x_wconf 77' lang='lat' dir='ltr'><strong>gratiam,</strong></span> <span class='ocrx_word' id='word_1_80' title='bbox 1150 1506 1199 1562; x_wconf 89' lang='lat' dir='ltr'><strong>aut</strong></span> <span class='ocrx_word' id='word_1_81' title='bbox 1214 1501 1239 1562; x_wconf 89' lang='lat' dir='ltr'><strong>si</strong></span> <span class='ocrx_word' id='word_1_82' title='bbox 1254 1500 1321 1580; x_wconf 90' lang='lat' dir='ltr'><strong>quis</strong></span> 
     </span>
     <span class='ocr_line' id='line_1_12' title="bbox 229 1614 1322 1699; baseline -0.004 -20"><span class='ocrx_word' id='word_1_83' title='bbox 229 1617 390 1699; x_wconf 85' lang='lat' dir='ltr'><strong>periculum</strong></span> <span class='ocrx_word' id='word_1_84' title='bbox 413 1634 498 1679; x_wconf 90' lang='lat' dir='ltr'><strong>suum</strong></span> <span class='ocrx_word' id='word_1_85' title='bbox 520 1633 575 1696; x_wconf 91' lang='lat' dir='ltr'><strong>pro</strong></span> <span class='ocrx_word' id='word_1_86' title='bbox 598 1616 739 1678; x_wconf 88' lang='lat' dir='ltr'><strong>universa</strong></span> <span class='ocrx_word' id='word_1_87' title='bbox 763 1616 851 1697; x_wconf 89' lang='lat' dir='ltr'><strong>plebe</strong></span> <span class='ocrx_word' id='word_1_88' title='bbox 875 1615 997 1695; x_wconf 84' lang='lat' dir='ltr'><strong>offerat,</strong></span> <span class='ocrx_word' id='word_1_89' title='bbox 1027 1633 1087 1679; x_wconf 93' lang='lat' dir='ltr'><strong>non</strong></span> <span class='ocrx_word' id='word_1_90' title='bbox 1121 1621 1166 1678; x_wconf 91' lang='lat' dir='ltr'><strong>esl</strong></span> <span class='ocrx_word' id='word_1_91' title='bbox 1190 1614 1322 1692; x_wconf 92' lang='lat' dir='ltr'><strong>dubium,</strong></span> 
     </span>
     <span class='ocr_line' id='line_1_13' title="bbox 230 1726 1322 1811; baseline -0.003 -19"><span class='ocrx_word' id='word_1_92' title='bbox 230 1729 311 1811; x_wconf 90' lang='lat' dir='ltr'><strong>quod</strong></span> <span class='ocrx_word' id='word_1_93' title='bbox 333 1736 443 1791; x_wconf 79' lang='lat' dir='ltr'><strong>tantuna</strong></span> <span class='ocrx_word' id='word_1_94' title='bbox 467 1729 594 1792; x_wconf 88' lang='lat' dir='ltr'><strong>caritatis</strong></span> <span class='ocrx_word' id='word_1_95' title='bbox 617 1747 634 1790; x_wconf 87' lang='lat' dir='ltr'><strong>a</strong></span> <span class='ocrx_word' id='word_1_96' title='bbox 657 1728 744 1810; x_wconf 89' lang='lat' dir='ltr'><strong>plebe</strong></span> <span class='ocrx_word' id='word_1_97' title='bbox 768 1731 798 1789; x_wconf 89' lang='lat' dir='ltr'><strong>iu</strong></span> <span class='ocrx_word' id='word_1_98' title='bbox 823 1747 890 1791; x_wconf 90' lang='lat' dir='ltr'><strong>eum</strong></span> <span class='ocrx_word' id='word_1_99' title='bbox 913 1727 1104 1806; x_wconf 85' lang='lat' dir='ltr'><strong>refundatur,</strong></span> <span class='ocrx_word' id='word_1_100' title='bbox 1136 1733 1167 1789; x_wconf 92' lang='lat' dir='ltr'><strong>ul</strong></span> <span class='ocrx_word' id='word_1_101' title='bbox 1195 1726 1322 1807; x_wconf 90' lang='lat' dir='ltr'><strong>populus</strong></span> 
     </span>
     <span class='ocr_line' id='line_1_14' title="bbox 230 1840 900 1926; baseline -0.003 -21"><span class='ocrx_word' id='word_1_102' title='bbox 230 1843 354 1906; x_wconf 87' lang='lat' dir='ltr'><strong>salutem</strong></span> <span class='ocrx_word' id='word_1_103' title='bbox 378 1843 441 1905; x_wconf 91' lang='lat' dir='ltr'><strong>eius</strong></span> <span class='ocrx_word' id='word_1_104' title='bbox 465 1848 495 1903; x_wconf 88' lang='lat' dir='ltr'><strong>et</strong></span> <span class='ocrx_word' id='word_1_105' title='bbox 516 1843 640 1926; x_wconf 86' lang='lat' dir='ltr'><strong>gratiam</strong></span> <span class='ocrx_word' id='word_1_106' title='bbox 663 1842 719 1904; x_wconf 93' lang='lat' dir='ltr'><strong>sibi</strong></span> <span class='ocrx_word' id='word_1_107' title='bbox 742 1840 900 1922; x_wconf 86' lang='lat' dir='ltr'><strong>praeierat.</strong></span> 
     </span>
    </p>

    <p class='ocr_par' dir='ltr' id='par_1_4' title="bbox 318 1951 1322 2036">
     <span class='ocr_line' id='line_1_15' title="bbox 318 1951 1322 2036; baseline -0.005 -17"><span class='ocrx_word' id='word_1_108' title='bbox 318 1954 369 2020; x_wconf 88' lang='lat'><strong>31.</strong></span> <span class='ocrx_word' id='word_1_109' title='bbox 414 1957 545 2030; x_wconf 81' lang='lat' dir='ltr'><strong>Quantas</strong></span> <span class='ocrx_word' id='word_1_110' title='bbox 568 1954 690 2036; x_wconf 84' lang='lat' dir='ltr'><strong>Moyses</strong></span> <span class='ocrx_word' id='word_1_111' title='bbox 720 1971 736 2015; x_wconf 88' lang='lat' dir='ltr'><strong>a</strong></span> <span class='ocrx_word' id='word_1_112' title='bbox 764 1953 875 2035; x_wconf 93' lang='lat' dir='ltr'><strong>populo</strong></span> <span class='ocrx_word' id='word_1_113' title='bbox 906 1953 1009 2015; x_wconf 87' lang='lat' dir='ltr'><strong>inlatas</strong></span> <span class='ocrx_word' id='word_1_114' title='bbox 1038 1951 1218 2015; x_wconf 80' lang='lat' dir='ltr'><strong>absorbebat</strong></span> <span class='ocrx_word' id='word_1_115' title='bbox 1244 1969 1322 2014; x_wconf 93' lang='lat' dir='ltr'><strong>con-</strong></span> 
     </span>
    </p>

    <p class='ocr_par' dir='ltr' id='par_1_5' title="bbox 176 2065 1327 3170">
     <span class='ocr_line' id='line_1_16' title="bbox 231 2065 1323 2146; baseline -0.003 -14"><span class='ocrx_word' id='word_1_116' title='bbox 231 2070 380 2146; x_wconf 83' lang='lat' dir='ltr'><strong>tumelias3</strong></span> <span class='ocrx_word' id='word_1_117' title='bbox 413 2076 442 2131; x_wconf 91' lang='lat' dir='ltr'><strong>et</strong></span> <span class='ocrx_word' id='word_1_118' title='bbox 471 2086 536 2131; x_wconf 90' lang='lat' dir='ltr'><strong>cum</strong></span> <span class='ocrx_word' id='word_1_119' title='bbox 567 2067 703 2130; x_wconf 90' lang='lat' dir='ltr'><strong>dominus</strong></span> <span class='ocrx_word' id='word_1_120' title='bbox 735 2069 765 2128; x_wconf 93' lang='lat' dir='ltr'><strong>in</strong></span> <span class='ocrx_word' id='word_1_121' title='bbox 788 2066 952 2128; x_wconf 87' lang='lat' dir='ltr'><strong>insolentes</strong></span> <span class='ocrx_word' id='word_1_122' title='bbox 976 2065 1128 2129; x_wconf 87' lang='lat' dir='ltr'><strong>vindicare</strong></span> <span class='ocrx_word' id='word_1_123' title='bbox 1151 2065 1257 2145; x_wconf 91' lang='lat' dir='ltr'><strong>vellet,</strong></span> <span class='ocrx_word' id='word_1_124' title='bbox 1288 2083 1323 2129; x_wconf 91' lang='lat' dir='ltr'><strong>se</strong></span> 
     </span>
     <span class='ocr_line' id='line_1_17' title="bbox 176 2152 1323 2266; baseline -0.003 -20"><span class='ocrx_word' id='word_1_125' title='bbox 176 2152 178 2166; x_wconf 26' lang='grc' dir='ltr'>ι</span> <span class='ocrx_word' id='word_1_126' title='bbox 231 2190 327 2246; x_wconf 88' lang='lat' dir='ltr'><strong>lamen</strong></span> <span class='ocrx_word' id='word_1_127' title='bbox 350 2201 405 2266; x_wconf 95' lang='lat' dir='ltr'><strong>pro</strong></span> <span class='ocrx_word' id='word_1_128' title='bbox 429 2183 540 2264; x_wconf 94' lang='lat' dir='ltr'><strong>populo</strong></span> <span class='ocrx_word' id='word_1_129' title='bbox 565 2181 710 2245; x_wconf 79' lang='lat' dir='ltr'><strong>offerebat</strong></span> <span class='ocrx_word' id='word_1_130' title='bbox 733 2182 917 2263; x_wconf 82' lang='lat' dir='ltr'><strong>frequenter,</strong></span> <span class='ocrx_word' id='word_1_131' title='bbox 940 2187 972 2244; x_wconf 89' lang='lat' dir='ltr'><strong>ul</strong></span> <span class='ocrx_word' id='word_1_132' title='bbox 994 2179 1189 2262; x_wconf 83' lang='lat' dir='ltr'><strong>indignationi</strong></span> <span class='ocrx_word' id='word_1_133' title='bbox 1206 2180 1323 2244; x_wconf 86' lang='lat' dir='ltr'><strong>divinae</strong></span> 
     </span>
     <span class='ocr_line' id='line_1_18' title="bbox 231 2291 1323 2378; baseline -0.002 -20"><span class='ocrx_word' id='word_1_134' title='bbox 231 2297 348 2378; x_wconf 89' lang='lat' dir='ltr'><strong>plebem</strong></span> <span class='ocrx_word' id='word_1_135' title='bbox 369 2293 576 2357; x_wconf 81' lang='lat' dir='ltr'><strong>subduceret?</strong></span> <span class='ocrx_word' id='word_1_136' title='bbox 595 2291 625 2377; x_wconf 83' lang='lat'><strong>¹)</strong></span> <span class='ocrx_word' id='word_1_137' title='bbox 671 2295 763 2370; x_wconf 83' lang='lat' dir='ltr'><strong>Quam</strong></span> <span class='ocrx_word' id='word_1_138' title='bbox 787 2295 847 2357; x_wconf 92' lang='lat' dir='ltr'><strong>miti</strong></span> <span class='ocrx_word' id='word_1_139' title='bbox 869 2312 1009 2357; x_wconf 90' lang='lat' dir='ltr'><strong>sermone</strong></span> <span class='ocrx_word' id='word_1_140' title='bbox 1033 2299 1101 2376; x_wconf 90' lang='lat' dir='ltr'><strong>post</strong></span> <span class='ocrx_word' id='word_1_141' title='bbox 1123 2294 1243 2357; x_wconf 88' lang='lat' dir='ltr'><strong>iniurias</strong></span> <span class='ocrx_word' id='word_1_142' title='bbox 1266 2313 1323 2376; x_wconf 89' lang='lat' dir='ltr'><strong>ap-</strong></span> 
     </span>
     <span class='ocr_line' id='line_1_19' title="bbox 231 2407 1324 2490; baseline 0 -20"><span class='ocrx_word' id='word_1_143' title='bbox 231 2408 358 2490; x_wconf 88' lang='lat' dir='ltr'><strong>pellabal</strong></span> <span class='ocrx_word' id='word_1_144' title='bbox 380 2409 530 2489; x_wconf 88' lang='lat' dir='ltr'><strong>populum,</strong></span> <span class='ocrx_word' id='word_1_145' title='bbox 554 2408 764 2471; x_wconf 88' lang='lat' dir='ltr'><strong>consolabatur</strong></span> <span class='ocrx_word' id='word_1_146' title='bbox 780 2409 808 2470; x_wconf 94' lang='lat' dir='ltr'><strong>in</strong></span> <span class='ocrx_word' id='word_1_147' title='bbox 825 2409 987 2487; x_wconf 86' lang='lat' dir='ltr'><strong>laboribus,</strong></span> <span class='ocrx_word' id='word_1_148' title='bbox 1012 2407 1169 2488; x_wconf 83' lang='lat' dir='ltr'><strong>deliniebat</strong></span> <span class='ocrx_word' id='word_1_149' title='bbox 1186 2408 1324 2488; x_wconf 90' lang='lat' dir='ltr'><strong>craculis,</strong></span> 
     </span>
     <span class='ocr_line' id='line_1_20' title="bbox 233 2517 1325 2602; baseline 0.004 -22"><span class='ocrx_word' id='word_1_150' title='bbox 233 2517 353 2582; x_wconf 80' lang='lat' dir='ltr'><strong>fovebat</strong></span> <span class='ocrx_word' id='word_1_151' title='bbox 376 2520 533 2600; x_wconf 80' lang='lat' dir='ltr'><strong>operibus3</strong></span> <span class='ocrx_word' id='word_1_152' title='bbox 558 2526 587 2581; x_wconf 90' lang='lat' dir='ltr'><strong>et</strong></span> <span class='ocrx_word' id='word_1_153' title='bbox 609 2539 675 2582; x_wconf 87' lang='lat' dir='ltr'><strong>cum</strong></span> <span class='ocrx_word' id='word_1_154' title='bbox 699 2519 756 2583; x_wconf 89' lang='lat' dir='ltr'><strong>deo</strong></span> <span class='ocrx_word' id='word_1_155' title='bbox 780 2525 951 2584; x_wconf 87' lang='lat' dir='ltr'><strong>constanter</strong></span> <span class='ocrx_word' id='word_1_156' title='bbox 973 2521 1167 2602; x_wconf 86' lang='lat' dir='ltr'><strong>loqueretur,</strong></span> <span class='ocrx_word' id='word_1_157' title='bbox 1190 2521 1325 2584; x_wconf 88' lang='lat' dir='ltr'><strong>homines</strong></span> 
     </span>
     <span class='ocr_line' id='line_1_21' title="bbox 232 2631 1324 2721; baseline 0.01 -29"><span class='ocrx_word' id='word_1_158' title='bbox 232 2637 330 2693; x_wconf 88' lang='lat' dir='ltr'><strong>tamen</strong></span> <span class='ocrx_word' id='word_1_159' title='bbox 358 2631 457 2694; x_wconf 91' lang='lat' dir='ltr'><strong>humili</strong></span> <span class='ocrx_word' id='word_1_160' title='bbox 486 2637 515 2691; x_wconf 89' lang='lat' dir='ltr'><strong>et</strong></span> <span class='ocrx_word' id='word_1_161' title='bbox 544 2637 627 2712; x_wconf 81' lang='lat' dir='ltr'><strong>grata</strong></span> <span class='ocrx_word' id='word_1_162' title='bbox 657 2633 855 2713; x_wconf 88' lang='lat' dir='ltr'><strong>appellatione</strong></span> <span class='ocrx_word' id='word_1_163' title='bbox 878 2633 960 2697; x_wconf 85' lang='lat' dir='ltr'><strong>aliani</strong></span> <span class='ocrx_word' id='word_1_164' title='bbox 982 2632 1173 2721; x_wconf 61' lang='lat' dir='ltr'><strong>solebaltt)</strong></span> <span class='ocrx_word' id='word_1_165' title='bbox 1217 2636 1324 2702; x_wconf 86' lang='lat' dir='ltr'><strong>llerito</strong></span> 
     </span>
     <span class='ocr_line' id='line_1_22' title="bbox 234 2741 1327 2832; baseline 0.005 -26"><span class='ocrx_word' id='word_1_166' title='bbox 234 2744 402 2807; x_wconf 88' lang='lat' dir='ltr'><strong>aestimatus</strong></span> <span class='ocrx_word' id='word_1_167' title='bbox 425 2749 471 2806; x_wconf 90' lang='lat' dir='ltr'><strong>est</strong></span> <span class='ocrx_word' id='word_1_168' title='bbox 493 2760 583 2823; x_wconf 87' lang='lat' dir='ltr'><strong>supra</strong></span> <span class='ocrx_word' id='word_1_169' title='bbox 605 2741 759 2822; x_wconf 89' lang='lat' dir='ltr'><strong>homines,</strong></span> <span class='ocrx_word' id='word_1_170' title='bbox 792 2751 824 2806; x_wconf 91' lang='lat' dir='ltr'><strong>ut</strong></span> <span class='ocrx_word' id='word_1_171' title='bbox 846 2751 875 2806; x_wconf 92' lang='lat' dir='ltr'><strong>el</strong></span> <span class='ocrx_word' id='word_1_172' title='bbox 898 2746 1010 2808; x_wconf 87' lang='lat' dir='ltr'><strong>vultum</strong></span> <span class='ocrx_word' id='word_1_173' title='bbox 1034 2747 1097 2812; x_wconf 91' lang='lat' dir='ltr'><strong>eius</strong></span> <span class='ocrx_word' id='word_1_174' title='bbox 1120 2768 1179 2812; x_wconf 92' lang='lat' dir='ltr'><strong>non</strong></span> <span class='ocrx_word' id='word_1_175' title='bbox 1203 2757 1327 2832; x_wconf 88' lang='lat' dir='ltr'><strong>possent</strong></span> 
     </span>
     <span class='ocr_line' id='line_1_23' title="bbox 233 2854 1325 2949; baseline 0.005 -29"><span class='ocrx_word' id='word_1_176' title='bbox 233 2858 389 2921; x_wconf 90' lang='lat' dir='ltr'><strong>intendere</strong></span> <span class='ocrx_word' id='word_1_177' title='bbox 407 2854 439 2940; x_wconf 79' lang='lat'><strong>³)</strong></span> <span class='ocrx_word' id='word_1_178' title='bbox 471 2863 501 2919; x_wconf 89' lang='lat' dir='ltr'><strong>et</strong></span> <span class='ocrx_word' id='word_1_179' title='bbox 530 2857 712 2938; x_wconf 88' lang='lat' dir='ltr'><strong>sepulturam</strong></span> <span class='ocrx_word' id='word_1_180' title='bbox 744 2859 808 2920; x_wconf 91' lang='lat' dir='ltr'><strong>eius</strong></span> <span class='ocrx_word' id='word_1_181' title='bbox 839 2877 900 2922; x_wconf 88' lang='lat' dir='ltr'><strong>uon</strong></span> <span class='ocrx_word' id='word_1_182' title='bbox 929 2867 1077 2941; x_wconf 87' lang='lat' dir='ltr'><strong>repertam</strong></span> <span class='ocrx_word' id='word_1_183' title='bbox 1101 2863 1276 2944; x_wconf 90' lang='lat' dir='ltr'><strong>crederent,</strong></span> <span class='ocrx_word' id='word_1_184' title='bbox 1293 2861 1325 2949; x_wconf 78' lang='lat'><strong>⁴)</strong></span> 
     </span>
     <span class='ocr_line' id='line_1_24' title="bbox 235 2970 1326 3060; baseline 0.008 -28"><span class='ocrx_word' id='word_1_185' title='bbox 235 2973 304 3052; x_wconf 88' lang='lat' dir='ltr'><strong>quia</strong></span> <span class='ocrx_word' id='word_1_186' title='bbox 327 2971 371 3033; x_wconf 94' lang='lat' dir='ltr'><strong>sic</strong></span> <span class='ocrx_word' id='word_1_187' title='bbox 394 2972 449 3033; x_wconf 93' lang='lat' dir='ltr'><strong>sibi</strong></span> <span class='ocrx_word' id='word_1_188' title='bbox 473 2970 560 3034; x_wconf 91' lang='lat' dir='ltr'><strong>totius</strong></span> <span class='ocrx_word' id='word_1_189' title='bbox 577 2971 679 3052; x_wconf 91' lang='lat' dir='ltr'><strong>plebis</strong></span> <span class='ocrx_word' id='word_1_190' title='bbox 702 2979 816 3036; x_wconf 89' lang='lat' dir='ltr'><strong>mentes</strong></span> <span class='ocrx_word' id='word_1_191' title='bbox 839 2973 1024 3054; x_wconf 85' lang='lat' dir='ltr'><strong>devinxerat,</strong></span> <span class='ocrx_word' id='word_1_192' title='bbox 1048 2976 1166 3058; x_wconf 90' lang='lat' dir='ltr'><strong>utplus</strong></span> <span class='ocrx_word' id='word_1_193' title='bbox 1188 2996 1326 3060; x_wconf 86' lang='lat' dir='ltr'><strong>eumpro</strong></span> 
     </span>
     <span class='ocr_line' id='line_1_25' title="bbox 235 3084 1195 3170; baseline 0.008 -24"><span class='ocrx_word' id='word_1_194' title='bbox 235 3084 649 3168; x_wconf 78' lang='lat' dir='ltr'><strong>mansuetudinediligerenl,</strong></span> <span class='ocrx_word' id='word_1_195' title='bbox 677 3106 763 3168; x_wconf 88' lang='lat' dir='ltr'><strong>quam</strong></span> <span class='ocrx_word' id='word_1_196' title='bbox 785 3107 841 3170; x_wconf 84' lang='lat' dir='ltr'><strong>pro</strong></span> <span class='ocrx_word' id='word_1_197' title='bbox 865 3087 948 3152; x_wconf 86' lang='lat' dir='ltr'><strong>lactis</strong></span> <span class='ocrx_word' id='word_1_198' title='bbox 972 3089 1195 3154; x_wconf 86' lang='lat' dir='ltr'><strong>admirarentur.</strong></span> 
     </span>
    </p>

    <p class='ocr_par' dir='ltr' id='par_1_6' title="bbox 236 3194 1327 3861">
     <span class='ocr_line' id='line_1_26' title="bbox 323 3194 1327 3284; baseline 0.01 -23"><span class='ocrx_word' id='word_1_199' title='bbox 323 3194 373 3261; x_wconf 84' lang='lat'><strong>32.</strong></span> <span class='ocrx_word' id='word_1_200' title='bbox 411 3198 487 3273; x_wconf 85' lang='lat' dir='ltr'><strong>Ouid</strong></span> <span class='ocrx_word' id='word_1_201' title='bbox 510 3199 574 3262; x_wconf 90' lang='lat' dir='ltr'><strong>eius</strong></span> <span class='ocrx_word' id='word_1_202' title='bbox 597 3201 723 3265; x_wconf 86' lang='lat' dir='ltr'><strong>imitator</strong></span> <span class='ocrx_word' id='word_1_203' title='bbox 746 3210 865 3267; x_wconf 87' lang='lat' dir='ltr'><strong>sanctus</strong></span> <span class='ocrx_word' id='word_1_204' title='bbox 881 3205 984 3284; x_wconf 87' lang='lat' dir='ltr'><strong>David,</strong></span> <span class='ocrx_word' id='word_1_205' title='bbox 1008 3206 1120 3269; x_wconf 90' lang='lat' dir='ltr'><strong>electus</strong></span> <span class='ocrx_word' id='word_1_206' title='bbox 1136 3225 1176 3269; x_wconf 83' lang='lat' dir='ltr'><strong>ex</strong></span> <span class='ocrx_word' id='word_1_207' title='bbox 1192 3207 1327 3272; x_wconf 87' lang='lat' dir='ltr'><strong>omnibus</strong></span> 
     </span>
     <span class='ocr_line' id='line_1_27' title="bbox 236 3311 1326 3405; baseline 0.012 -31"><span class='ocrx_word' id='word_1_208' title='bbox 236 3311 273 3375; x_wconf 91' lang='lat' dir='ltr'><strong>ad</strong></span> <span class='ocrx_word' id='word_1_209' title='bbox 296 3312 410 3395; x_wconf 89' lang='lat' dir='ltr'><strong>plebem</strong></span> <span class='ocrx_word' id='word_1_210' title='bbox 434 3314 614 3395; x_wconf 84' lang='lat' dir='ltr'><strong>regendam,</strong></span> <span class='ocrx_word' id='word_1_211' title='bbox 645 3336 731 3397; x_wconf 86' lang='lat' dir='ltr'><strong>quam</strong></span> <span class='ocrx_word' id='word_1_212' title='bbox 754 3320 830 3382; x_wconf 90' lang='lat' dir='ltr'><strong>mitis</strong></span> <span class='ocrx_word' id='word_1_213' title='bbox 855 3327 884 3382; x_wconf 89' lang='lat' dir='ltr'><strong>el</strong></span> <span class='ocrx_word' id='word_1_214' title='bbox 905 3320 1047 3400; x_wconf 87' lang='lat' dir='ltr'><strong>blandus,</strong></span> <span class='ocrx_word' id='word_1_215' title='bbox 1075 3323 1190 3385; x_wconf 90' lang='lat' dir='ltr'><strong>humilis</strong></span> <span class='ocrx_word' id='word_1_216' title='bbox 1213 3325 1326 3405; x_wconf 87' lang='lat' dir='ltr'><strong>spiritu,</strong></span> 
     </span>
     <span class='ocr_line' id='line_1_28' title="bbox 236 3427 1326 3520; baseline 0.01 -29"><span class='ocrx_word' id='word_1_217' title='bbox 236 3427 357 3491; x_wconf 90' lang='lat' dir='ltr'><strong>sedulus</strong></span> <span class='ocrx_word' id='word_1_218' title='bbox 382 3429 492 3510; x_wconf 90' lang='lat' dir='ltr'><strong>corde,</strong></span> <span class='ocrx_word' id='word_1_219' title='bbox 523 3429 616 3494; x_wconf 86' lang='lat' dir='ltr'><strong>facilis</strong></span> <span class='ocrx_word' id='word_1_220' title='bbox 639 3431 762 3496; x_wconf 85' lang='lat' dir='ltr'><strong>affectu!</strong></span> <span class='ocrx_word' id='word_1_221' title='bbox 808 3434 885 3499; x_wconf 89' lang='lat' dir='ltr'><strong>Ante</strong></span> <span class='ocrx_word' id='word_1_222' title='bbox 908 3455 1034 3520; x_wconf 83' lang='lat' dir='ltr'><strong>regnum</strong></span> <span class='ocrx_word' id='word_1_223' title='bbox 1057 3455 1092 3500; x_wconf 93' lang='lat' dir='ltr'><strong>se</strong></span> <span class='ocrx_word' id='word_1_224' title='bbox 1114 3456 1168 3520; x_wconf 88' lang='lat' dir='ltr'><strong>pro</strong></span> <span class='ocrx_word' id='word_1_225' title='bbox 1192 3439 1326 3504; x_wconf 88' lang='lat' dir='ltr'><strong>omnibus</strong></span> 
     </span>
     <span class='ocr_line' id='line_1_29' title="bbox 238 3541 1326 3633; baseline 0.007 -28"><span class='ocrx_word' id='word_1_226' title='bbox 238 3541 397 3620; x_wconf 73' lang='lat' dir='ltr'><strong>offerebat,</strong></span> <span class='ocrx_word' id='word_1_227' title='bbox 420 3563 475 3606; x_wconf 87' lang='lat' dir='ltr'><strong>rex</strong></span> <span class='ocrx_word' id='word_1_228' title='bbox 498 3562 564 3606; x_wconf 91' lang='lat' dir='ltr'><strong>cum</strong></span> <span class='ocrx_word' id='word_1_229' title='bbox 587 3548 721 3610; x_wconf 89' lang='lat' dir='ltr'><strong>omnibus</strong></span> <span class='ocrx_word' id='word_1_230' title='bbox 745 3550 890 3630; x_wconf 89' lang='lat' dir='ltr'><strong>aequabat</strong></span> <span class='ocrx_word' id='word_1_231' title='bbox 913 3568 996 3614; x_wconf 87' lang='lat' dir='ltr'><strong>suam</strong></span> <span class='ocrx_word' id='word_1_232' title='bbox 1017 3552 1146 3614; x_wconf 88' lang='lat' dir='ltr'><strong>militiam</strong></span> <span class='ocrx_word' id='word_1_233' title='bbox 1169 3557 1197 3614; x_wconf 90' lang='lat' dir='ltr'><strong>el</strong></span> <span class='ocrx_word' id='word_1_234' title='bbox 1212 3553 1326 3633; x_wconf 90' lang='lat' dir='ltr'><strong>parlie-</strong></span> 
     </span>
     <span class='ocr_line' id='line_1_30' title="bbox 237 3657 1327 3748; baseline 0.013 -29"><span class='ocrx_word' id='word_1_235' title='bbox 237 3657 322 3720; x_wconf 89' lang='lat' dir='ltr'><strong>batur</strong></span> <span class='ocrx_word' id='word_1_236' title='bbox 343 3657 484 3738; x_wconf 86' lang='lat' dir='ltr'><strong>laborem,</strong></span> <span class='ocrx_word' id='word_1_237' title='bbox 507 3659 593 3724; x_wconf 84' lang='lat' dir='ltr'><strong>sortis</strong></span> <span class='ocrx_word' id='word_1_238' title='bbox 617 3663 646 3725; x_wconf 91' lang='lat' dir='ltr'><strong>in</strong></span> <span class='ocrx_word' id='word_1_239' title='bbox 668 3667 794 3746; x_wconf 91' lang='lat' dir='ltr'><strong>proelio,</strong></span> <span class='ocrx_word' id='word_1_240' title='bbox 817 3675 986 3731; x_wconf 89' lang='lat' dir='ltr'><strong>mansuetus</strong></span> <span class='ocrx_word' id='word_1_241' title='bbox 1010 3669 1039 3730; x_wconf 92' lang='lat' dir='ltr'><strong>in</strong></span> <span class='ocrx_word' id='word_1_242' title='bbox 1056 3666 1190 3748; x_wconf 88' lang='lat' dir='ltr'><strong>imperio,</strong></span> <span class='ocrx_word' id='word_1_243' title='bbox 1211 3667 1327 3748; x_wconf 83' lang='lat' dir='ltr'><strong>patiens</strong></span> 
     </span>
     <span class='ocr_line' id='line_1_31' title="bbox 238 3771 1327 3861; baseline 0.012 -30"><span class='ocrx_word' id='word_1_244' title='bbox 238 3771 268 3832; x_wconf 93' lang='lat' dir='ltr'><strong>in</strong></span> <span class='ocrx_word' id='word_1_245' title='bbox 291 3772 430 3851; x_wconf 90' lang='lat' dir='ltr'><strong>convitio,</strong></span> <span class='ocrx_word' id='word_1_246' title='bbox 454 3771 534 3837; x_wconf 80' lang='lat' dir='ltr'><strong>ierne</strong></span> <span class='ocrx_word' id='word_1_247' title='bbox 556 3776 650 3860; x_wconf 82' lang='lat' dir='ltr'><strong>magis</strong></span> <span class='ocrx_word' id='word_1_248' title='bbox 666 3785 829 3861; x_wconf 86' lang='lat' dir='ltr'><strong>promptus,</strong></span> <span class='ocrx_word' id='word_1_249' title='bbox 853 3799 941 3860; x_wconf 88' lang='lat' dir='ltr'><strong>quam</strong></span> <span class='ocrx_word' id='word_1_250' title='bbox 955 3779 1072 3842; x_wconf 85' lang='lat' dir='ltr'><strong>referre</strong></span> <span class='ocrx_word' id='word_1_251' title='bbox 1088 3781 1218 3843; x_wconf 88' lang='lat' dir='ltr'><strong>iniurias.</strong></span> <span class='ocrx_word' id='word_1_252' title='bbox 1255 3781 1327 3844; x_wconf 91' lang='lat' dir='ltr'><strong>ldeo</strong></span> 
     </span>
    </p>
   </div>
   <div class='ocr_carea' id='block_1_3' title="bbox 240 3941 445 3952">
    <p class='ocr_par' dir='ltr' id='par_1_7' title="bbox 240 3941 445 3952">
     <span class='ocr_line' id='line_1_32' title="bbox 240 3941 445 3952; baseline 0.01 -4"><span class='ocrx_word' id='word_1_253' title='bbox 240 3941 445 3952; x_wconf 69' lang='grc'><em>,---.....-..</em></span> 
     </span>
    </p>
   </div>
   <div class='ocr_carea' id='block_1_4' title="bbox 240 4037 1326 4192">
    <p class='ocr_par' dir='ltr' id='par_1_8' title="bbox 240 4037 1326 4192">
     <span class='ocr_line' id='line_1_33' title="bbox 240 4037 1326 4191; baseline 0.015 -104"><span class='ocrx_word' id='word_1_254' title='bbox 240 4126 269 4191; x_wconf 57' lang='lat'><strong>4)</strong></span> <span class='ocrx_word' id='word_1_255' title='bbox 289 4037 339 4175; x_wconf 68' lang='lat' dir='ltr'><strong>Dr)</strong></span> <span class='ocrx_word' id='word_1_256' title='bbox 357 4038 500 4178; x_wconf 48' lang='lat' dir='ltr'><strong>uppasaa,</strong></span> <span class='ocrx_word' id='word_1_257' title='bbox 520 4043 550 4100; x_wconf 82' lang='lat'><strong>11</strong></span> <span class='ocrx_word' id='word_1_258' title='bbox 572 4061 625 4115; x_wconf 71' lang='lat' dir='ltr'><strong>naq.</strong></span> <span class='ocrx_word' id='word_1_259' title='bbox 674 4047 702 4116; x_wconf 78' lang='lat' dir='ltr'><strong>a)</strong></span> <span class='ocrx_word' id='word_1_260' title='bbox 721 4047 781 4100; x_wconf 76' lang='lat' dir='ltr'><strong>uir.</strong></span> <span class='ocrx_word' id='word_1_261' title='bbox 802 4047 844 4114; x_wconf 84' lang='lat' dir='ltr'><strong>aa,</strong></span> <span class='ocrx_word' id='word_1_262' title='bbox 863 4046 880 4098; x_wconf 84' lang='lat' dir='ltr'><strong>a</strong></span> <span class='ocrx_word' id='word_1_263' title='bbox 898 4063 968 4118; x_wconf 73' lang='lat' dir='ltr'><strong>seqq.</strong></span> <span class='ocrx_word' id='word_1_264' title='bbox 1017 4048 1045 4118; x_wconf 81' lang='lat' dir='ltr'><strong>a)</strong></span> <span class='ocrx_word' id='word_1_265' title='bbox 1063 4047 1127 4101; x_wconf 77' lang='lat' dir='ltr'><strong>ura.</strong></span> <span class='ocrx_word' id='word_1_266' title='bbox 1145 4048 1188 4115; x_wconf 78' lang='lat' dir='ltr'><strong>aa,</strong></span> <span class='ocrx_word' id='word_1_267' title='bbox 1207 4048 1241 4101; x_wconf 84' lang='lat' dir='ltr'><strong>aa</strong></span> <span class='ocrx_word' id='word_1_268' title='bbox 1254 4064 1326 4119; x_wconf 66' lang='lat' dir='ltr'><strong>seqq.</strong></span> 
     </span>
     <span class='ocr_line' id='line_1_34' title="bbox 313 4133 471 4192; baseline 0.025 -14"><span class='ocrx_word' id='word_1_269' title='bbox 313 4133 364 4179; x_wconf 85' lang='lat' dir='ltr'><strong>aut.</strong></span> <span class='ocrx_word' id='word_1_270' title='bbox 419 4163 428 4192; x_wconf 94' lang='lat'><strong>,</strong></span> <span class='ocrx_word' id='word_1_271' title='bbox 465 4169 471 4182; x_wconf 91' lang='lat'><strong>.</strong></span> 
     </span>
    </p>
   </div>
   <div class='ocr_carea' id='block_1_5' title="bbox 0 0 1507 4706">
    <p class='ocr_par' dir='ltr' id='par_1_9' title="bbox 0 0 1507 4706">
     <span class='ocr_line' id='line_1_35' title="bbox 0 0 1507 4706; baseline 0 0"><span class='ocrx_word' id='word_1_272' title='bbox 0 0 1507 4706; x_wconf 95' lang='lat' dir='ltr'><strong> </strong></span> 
     </span>
    </p>
   </div>
  </div>
 </body>
</html>
