2976 4706
410 381 455 434 llll
474 379 611 436 opulens
630 378 854 434 lllNlSl'ROllUlll
872 377 969 432 LIBER
987 379 1018 433 ll.
1185 379 1247 446 129

157 547 290 624 tautam,
325 545 404 624 quod
435 543 589 608 evidenter
622 542 757 606 dominus
790 540 1001 604 demonstravit
1032 541 1062 602 in
1093 540 1249 624 evaugelio

158 659 278 721 diceus:
298 654 326 742 ¹)
349 658 439 721 Beati
457 677 623 739 pauperes,
646 656 794 738 quopiam
816 663 951 718 eertum
973 662 1167 736 estrepaeio
1190 655 1250 718 dei.

159 771 249 836 Beati
269 773 323 852 qui
337 792 420 835 noae
442 773 583 835 esurierat
598 779 628 833 et
642 769 764 848 sitierat,
789 772 864 850 qaia
886 769 1121 833 eotaroboatar.
1160 769 1252 832 Beati

158 887 211 968 qai
235 904 317 946 aare
336 885 437 964 pletis,
468 884 544 966 quio
566 882 719 946 ridebitis.
764 883 866 965 ltaque
888 891 1110 966 paupertatem,
1135 882 1251 963 famem,

159 1000 308 1079 dolorem,
340 1017 417 1079 quae
449 1005 588 1080 putantur
617 997 711 1076 mala,
744 1015 804 1060 non
838 998 934 1062 solum
963 995 1162 1079 inpedimento
1191 1015 1252 1060 noa

158 1131 229 1178 essa
262 1112 300 1175 ad
333 1113 422 1176 vitam
456 1113 587 1192 beatam,
622 1110 675 1174 sed
710 1111 797 1174 etiam
832 1110 999 1174 adiumento
1033 1110 1253 1177 evidentissime

159 1227 377 1312 pronuntiatum
401 1231 454 1288 est.

552 1429 753 1498 -CAPUT
787 1431 828 1496 V.

160 1597 233 1662 Quae
252 1605 370 1666 putantur
387 1596 471 1661 bona,
498 1595 649 1665 plerumque
668 1595 840 1662 inpedimento
859 1611 916 1646 esee
937 1596 970 1647 ad
992 1597 1093 1648 beatam
1111 1597 1202 1660 vitam,
1229 1605 1256 1648 et

161 1699 227 1755 qaae
246 1683 322 1749 mala,
341 1685 471 1736 materiam
487 1700 545 1736 esse
564 1685 694 1748 virtutum,
714 1683 782 1753 quod
797 1682 959 1736 beatitudiuis
974 1692 1049 1753 atque
1065 1684 1118 1738 aliia
1133 1683 1255 1752 exemplis

622 1771 788 1822 confirmatur.

254 1912 301 1978 16.
339 1912 408 1978 Sed
430 1912 542 1992 atille,
565 1931 642 1994 quae
666 1912 802 1975 videntur
825 1914 911 1992 bona,
935 1911 1059 1994 divitias,
1083 1915 1256 1994 satietatem,

162 2031 303 2093 laetitiam
335 2035 489 2109 expertem
514 2028 626 2091 doloris
656 2027 832 2091 detrimento
855 2047 924 2091 esse
947 2029 984 2090 ad
1007 2028 1133 2092 fructum
1158 2029 1257 2091 beati-

162 2144 270 2207 tudinis
304 2142 449 2206 dominieo
485 2142 665 2205 declaratum
695 2143 806 2206 iudicio
838 2143 945 2224 liquet3
983 2162 1049 2206 oum
1080 2142 1199 2206 dieitur:
1225 2139 1256 2225 ²)

168 2257 228 2318 Voe
259 2256 348 2318 vobis
377 2255 545 2331 divitibus,
578 2256 653 2334 qaia
681 2256 800 2318 hebetia
830 2257 1076 2319 consolationem
1105 2257 1259 2320 oeatraml

170 2369 227 2432 Vae
254 2370 361 2446 aobia,
394 2371 448 2448 qai
476 2371 613 2432 saturati
643 2371 733 2446 eatis,
766 2371 840 2450 qaia
868 2371 1012 2433 esurietis
1043 2379 1073 2434 et
1101 2371 1176 2450 illis,
1207 2369 1259 2451 qui

167 2482 279 2561 rident,
310 2483 377 2563 quia
408 2483 568 2566 lugebunt!
614 2483 662 2548 Sic
691 2502 766 2566 ergo
789 2503 848 2547 nou
872 2485 968 2568 solum
998 2485 1174 2548 adminiculo
1197 2501 1259 2546 uon

164 2603 233 2660 sunt
255 2597 401 2658 advitam
424 2597 537 2658 beatam
561 2597 698 2677 eorporis
728 2605 779 2660 aut
810 2605 933 2660 externa
965 2599 1060 2676 bona,
1094 2596 1148 2662 sed
1171 2597 1258 2660 etiam

166 2711 325 2794 dispendio
348 2717 424 2774 sunt.

258 2825 306 2890 ll.
350 2824 421 2888 lude
445 2827 524 2887 enim
546 2827 651 2888 beatus
666 2826 812 2907 Nabuthe,
826 2825 858 2910 3)
881 2829 967 2890 etiam
991 2845 1056 2889 cum
1078 2825 1259 2908 lapidaretur

167 2939 312 3018 adivite,
343 2937 410 3018 quia
440 2955 553 3019 pauper
576 2943 605 2999 et
626 2936 756 3000 infirmus
788 2939 933 3003 adversus
963 2957 1036 3020 opes
1066 2939 1166 3024 regias
1192 2937 1259 3002 sola

167 3059 230 3116 erat
252 3050 360 3116 affectu
382 3056 412 3113 et
434 3051 580 3134 religione
611 3050 712 3132 divas,
744 3059 775 3115 ut
804 3055 929 3135 pecunia
958 3053 1053 3138 regali
1080 3072 1141 3117 nou
1173 3071 1259 3117 eom·

166 3171 293 3228 mutaret
315 3169 457 3244 pateruae
481 3164 587 3224 viueae
610 3161 821 3242 hereditatem,
855 3183 954 3246 eoque
987 3165 1156 3248 perlectus,
1190 3166 1259 3246 quia

166 3279 313 3360 sanguiue
335 3276 457 3358 proprio
481 3275 658 3340 defenderat
673 3278 738 3340 iura
753 3279 895 3341 maiorum
910 3297 1040 3342 suorum.
1083 3279 1155 3342 lude
1178 3296 1259 3359 quo-

168 3407 227 3471 que
257 3391 347 3453 miser
368 3387 470 3454 Achab
501 3390 589 3452 etiam
618 3407 674 3452 suo
704 3390 829 3470 iudicio,
862 3391 930 3471 quia
964 3409 1125 3475 pauperem
1158 3387 1279 3454 necari

168 3502 298 3583 fecerat,
321 3509 353 3565 ut
375 3502 438 3565 eius
461 3501 630 3583 possideret
651 3503 776 3566 vineam.

259 3614 307 3680 18.
353 3615 471 3679 Certum
494 3620 540 3678 est
561 3615 657 3677 solum
680 3622 708 3678 et
733 3633 876 3680 summum
898 3616 1008 3679 bonum
1031 3633 1099 3680 esse
1121 3617 1259 3680 vututem

165 3749 294 3822 eamque
318 3730 468 3793 abundare
491 3727 583 3791 solam
605 3726 643 3788 ad
665 3729 744 3789 vitae
767 3725 892 3790 lruetum
914 3728 1028 3807 beatae,
1051 3747 1108 3792 neo
1128 3726 1259 3790 extemis

169 3853 219 3910 aut
241 3847 375 3929 eorporis
406 3843 505 3923 bouis,
538 3839 593 3905 sed
625 3843 730 3905 virtute
752 3841 816 3905 sola
841 3842 930 3904 vitam
960 3843 1105 3924 praestari
1135 3841 1259 3920 beatam,

242 4085 271 4156 1)
288 4083 347 4140 lue.
367 4085 394 4152 6,
415 4085 449 4139 20
467 4100 520 4154 aeq.
590 4085 619 4151 2)
638 4083 697 4137 Luc.
716 4083 743 4149 6,
761 4083 795 4135 24
812 4099 867 4154 aeq.
939 4082 967 4149 3)
987 4081 1012 4136 3.
1030 4082 1093 4152 Reg.
1113 4082 1156 4149 20,
1176 4082 1217 4135 13.

241 4163 400 4236 lanaeum.
1032 4179 1052 4247 9

142 4395 199 4454 a·

193 4487 240 4536 Q·
