2976 4706
460 366 506 420 DE
525 364 662 422 ormena
680 363 902 421 ttlntsmtmttnl
920 365 1017 421 tmen
1034 365 1054 422 1.
1239 368 1297 432 111

300 526 373 596 228
419 529 531 593 ὒινειιι
561 528 647 592 etiam
677 535 774 592 motus
803 529 892 594 animi
917 529 977 607 sui;
1006 529 1073 610 ipse
1096 526 1175 592 enim
1198 526 1305 591 sibiet

213 644 420 712 observandus
444 651 474 708 et
496 643 777 726 circumspiciendus
802 650 916 724 estet,
946 650 978 707 ut
1000 642 1157 706 adversum
1187 659 1221 706 se
1250 659 1304 705 ca-

213 761 344 840 vendos,
367 760 516 835 iteetiam
540 760 578 822 de
600 779 634 823 se
658 760 794 824 tuendus.
841 759 914 825 Sunt
936 760 1013 823 enim
1035 765 1149 837 motus,
1180 761 1211 824 in
1234 761 1304 842 qui-

209 877 265 942 hus
288 883 334 940 est
359 876 504 959 appetitus
534 877 600 954 ille,
633 875 683 956 qui
712 875 797 956 quasi
827 863 955 956 quodam
983 875 1147 956 prorumpit
1177 875 1286 957 impetu
1293 896 1303 952 3

208 991 290 1054 unde
313 990 428 1054 Graece
459 980 539 1075 ὁρμή
566 990 687 1068 dicitur,
718 989 798 1070 quod
821 992 851 1052 vi
873 988 998 1071 quadam
1020 1005 1054 1051 se
1077 995 1202 1070 repente
1228 1005 1304 1070 pro-

195 1104 303 1186 ripiat
348 1103 417 1167 Non
439 1102 598 1166 mediocris
614 1104 644 1166 in
659 1103 704 1166 his
726 1104 770 1166 vis
793 1103 938 1184 quaedam
960 1103 1049 1166 animi
1071 1108 1160 1184 atque
1180 1109 1304 1164 naturae

209 1225 264 1282 est.
310 1218 394 1292 Quae
416 1224 514 1280 tamen
536 1217 583 1280 vis
606 1219 724 1301 gemina
752 1224 814 1296 est,
846 1237 904 1282 une
927 1219 958 1280 in
980 1217 1127 1299 appetitu,
1160 1217 1251 1280 altera
1273 1217 1304 1280 in

208 1333 325 1396 ratione
353 1331 466 1414 posita,
501 1349 579 1412 quae
612 1332 771 1414 appetitum
804 1331 939 1395 refrenet
967 1339 998 1394 et
1028 1332 1084 1394 sibi
1115 1329 1304 1394 obedientem

207 1452 340 1528 praestet
374 1454 403 1508 et
433 1445 521 1510 ducat
555 1465 614 1527 quo
650 1447 722 1509 velit
755 1453 784 1509 et
816 1454 963 1527 tamquam
994 1445 1098 1510 sedulo
1132 1443 1303 1526 magisterio

209 1560 335 1624 edoceat
363 1558 434 1640 quid
468 1557 550 1637 lieri,
574 1558 645 1639 quid
670 1560 773 1622 evitari
798 1564 953 1642 oporteat,
984 1565 1016 1620 ut
1037 1557 1135 1621 bonae
1158 1557 1303 1620 domitrici

208 1672 402 1752 obtemperet.

296 1781 369 1850 229.
414 1782 537 1849 Solliciti
568 1785 646 1846 enim
675 1783 818 1848 debemus
843 1801 928 1864 esse,
959 1785 1090 1866 nequid
1116 1791 1304 1848 temereaul
1376 1813 1378 1822 v

207 1900 359 1964 incmiose
387 1917 545 1983 geramus,
576 1905 627 1961 aut
650 1898 808 1981 quidquam
838 1900 976 1978 omnino,
1007 1899 1090 1962 cuius
1121 1897 1303 1981 probabilem

206 2033 268 2080 non
288 2014 438 2097 possimus
462 2014 607 2077 rationem
629 2011 766 2076 reddere.
812 2013 906 2076 Actus
922 2012 1000 2075 enim
1015 2012 1112 2075 nostri
1127 2029 1216 2076 causa
1232 2010 1302 2074 etsi

208 2146 269 2191 non
302 2125 439 2191 omuibus
471 2123 623 2204 redditur,
657 2125 813 2190 tamenab
837 2125 972 2187 omnibus
1001 2124 1192 2188 comminatur.
1238 2123 1302 2188 Nec

207 2258 280 2303 vero
303 2239 464 2319 habemus,
495 2239 525 2300 in
548 2257 606 2322 quo
630 2256 686 2302 nos
711 2240 860 2320 possimus
883 2257 1039 2303 excusare.
1082 2241 1156 2304 Nam
1178 2243 1234 2305 etsi
1256 2245 1301 2306 vis

207 2354 351 2436 quaedam
374 2360 497 2416 naturae
520 2354 550 2415 in
573 2355 652 2417 omni
683 2354 812 2435 appetitu
834 2354 890 2434 sit,
922 2362 1019 2417 tamen
1049 2353 1126 2417 idem
1155 2357 1301 2438 appetitus

206 2469 314 2532 rationi
344 2469 496 2530 subiectus
525 2474 570 2530 est
592 2469 662 2550 lege
692 2475 815 2530 naturae
844 2468 938 2549 ipsius
961 2475 991 2532 et
1013 2469 1114 2531 obedit
1136 2471 1172 2531 ci.
1217 2470 1302 2534 Unde

192 2581 278 2644 ltoni
301 2580 498 2662 speculatoris
523 2587 568 2644 est
583 2581 622 2643 ita
637 2579 837 2662 praetendere
859 2581 965 2660 animo,
987 2589 1021 2649 ut
1035 2584 1181 2666 appetitus
1203 2603 1302 2667 neque

208 2689 385 2777 praecurrat
407 2694 562 2771 rationem,
584 2710 683 2774 neque
704 2693 833 2774 deserat,
857 2712 895 2757 ne
910 2695 1132 2776 praecurrendo
1149 2700 1303 2779 perturbet

210 2815 298 2890 atque
322 2809 461 2872 excludat
484 2825 609 2888 eamque
631 2807 801 2882 deserendo
832 2808 978 2872 destituat.
1023 2810 1206 2874 Perturbatio
1229 2812 1303 2875 tollit

206 2923 413 3002 constantiam,
437 2921 589 2986 destitutio
605 2921 704 3004 prodit
718 2923 875 3006 ignaviam,
899 2931 1018 2987 accusat
1033 2924 1188 3008 pigritiam.
1225 2926 1302 2989 Per-

206 3037 322 3103 turbata
352 3037 430 3100 enim
458 3043 559 3098 mente
589 3036 676 3100 latius
707 3053 741 3099 se
762 3055 800 3099 ac
825 3037 945 3121 longius
975 3036 1070 3100 fundit
1099 3039 1243 3122 appetitus
1272 3045 1302 3104 et

205 3155 352 3231 tamquam
384 3149 508 3213 efferato
543 3152 654 3231 impetu
686 3149 790 3214 frenos
823 3152 947 3216 rationis
978 3172 1039 3216 non
1072 3155 1212 3236 suscipit,
1244 3173 1302 3219 nec

206 3263 266 3328 ulla
288 3265 378 3328 sentit
400 3264 522 3348 aurigae
553 3264 772 3344 moderamina,
804 3267 910 3346 quibus
933 3267 1028 3348 possit
1050 3264 1173 3329 rellecti.
1217 3267 1302 3332 Unde

158 3355 160 3364 ’
206 3377 382 3460 plerumque
405 3396 466 3442 non
488 3379 584 3442 solum
608 3379 723 3442 animus
747 3380 932 3464 exagitatur,
960 3380 1098 3444 amittitur
1118 3381 1214 3461 ratio,
1246 3382 1302 3446 sed

196 3491 296 3558 ,etiam
328 3490 523 3557 inflammatur
555 3492 653 3555 vultus
676 3490 726 3554 vel
747 3490 899 3554 iracundia
921 3491 971 3555 vel
996 3492 1134 3574 libidine,
1166 3493 1301 3576 pallescit

207 3604 328 3684 timore,
352 3604 505 3688 voluptate
528 3624 562 3670 se
584 3623 645 3669 non
668 3607 745 3687 capit
767 3613 797 3670 et
818 3607 907 3670 nimia
929 3607 1019 3691 gestit
1040 3607 1157 3673 laetitia.

295 3717 367 3784 230.
412 3721 493 3784 llaec
524 3739 590 3785 cum
623 3720 710 3800 fiunt,
746 3722 870 3785 abicitur
901 3721 949 3785 illa
979 3722 1121 3786 naturalis
1157 3724 1300 3806 quaedam

207 3851 333 3898 censura
360 3834 552 3918 gravitasque
582 3849 713 3913 morum,
744 3827 807 3896 nec
827 3833 923 3896 teneri
952 3838 1052 3916 potest
1075 3833 1139 3912 illa,
1171 3835 1300 3916 quaein

207 3946 298 4008 robus
329 3943 472 4028 gerendis
501 3949 589 4025 atque
620 3943 752 4009 consiliis
774 3943 838 4011 sola
861 3951 959 4026 potest
989 3949 1192 4014 ammoniatam
1216 3966 1299 4016 suam

207 4064 296 4141 atque
317 4057 406 4138 illud,
430 4056 510 4139 quod
533 4055 640 4119 deceat
664 4062 789 4137 tenere,
811 4060 984 4124 consentia.

197 4234 200 4246 ·
234 4241 259 4248 -‡
295 4167 375 4264 3311
413 4170 543 4264 6111111
562 4175 672 4244 “⁸⁰¹³
699 4173 862 4286 -llllttlitus
899 4191 940 4240 ox
976 4174 1178 4261 mercatione
1210 4137 1299 4246 nimia
