2932 4700
232 385 274 452 36
678 385 704 438 s.
722 383 878 440 nnonosn

231 546 374 626 vinculis,
398 545 501 611 frenos
523 549 629 612 haheat
652 566 742 629 suos,
769 548 875 629 quibus
899 549 1037 612 revocari
1060 550 1155 632 possit
1176 550 1213 614 ad
1235 569 1323 614 rnen-

233 679 348 740 suram3
379 680 535 727 sermones
566 660 700 744 prolerat
730 661 805 724 libra
836 662 1021 726 examinatos
1051 663 1196 744 iustitiae,
1227 670 1260 726 ut
1287 665 1324 727 sit

231 779 363 864 gravitas
386 778 416 841 in
439 796 541 858 sensu,
565 779 594 839 in
618 795 758 841 sermone
781 777 908 860 pondus,
933 777 964 840 in
986 779 1086 842 verbis
1109 777 1222 844 modus.

646 1049 815 1116 CAPUT
847 1049 906 1116 IV.

228 1216 460 1272 Eadcmrcustodia
478 1217 645 1283 prospicitur,
672 1232 704 1266 na
729 1233 744 1267 a
768 1216 852 1284 pravis
876 1216 998 1283 motibus,
1023 1217 1069 1270 sed
1092 1234 1107 1269 a
1131 1226 1201 1270 recta
1224 1219 1322 1270 ratione

326 1307 435 1374 prodeat
453 1305 549 1369 oratio,
568 1305 660 1373 inqua
680 1304 838 1370 potissimum
858 1304 932 1357 nobis
952 1304 1067 1357 diabolus
1086 1305 1225 1359 insidiatur.

319 1464 368 1529 14.
413 1466 495 1528 llaec
517 1465 543 1527 si
565 1464 713 1530 custodiat
735 1467 848 1548 aliquis,
871 1467 903 1530 lit
924 1467 1018 1547 mitis,
1041 1472 1228 1546 mansuetus,
1251 1484 1321 1530 rno-

229 1578 340 1643 destus.
378 1576 580 1642 eustodiendo
605 1580 682 1642 enlm
705 1595 740 1642 os
760 1597 845 1642 suum
862 1585 891 1642 ct
906 1578 1063 1643 retinendo
1079 1579 1209 1663 linguam
1226 1596 1320 1657 suam,

228 1711 285 1756 nce
307 1693 389 1775 prius
411 1691 582 1775 loquendo,
610 1711 697 1773 quam
720 1695 886 1778 interroget
908 1701 939 1756 et
960 1693 1109 1776 expendat
1131 1700 1220 1775 atque
1244 1711 1321 1756 exa-

227 1808 319 1870 minet
341 1807 434 1869 verba
457 1824 522 1886 sua,
545 1808 570 1869 si
592 1805 748 1869 dicendum
767 1806 835 1886 hoc,
857 1809 883 1871 si
899 1808 1054 1872 dicendum
1070 1808 1215 1890 adversus
1233 1807 1321 1885 huno,

227 1923 253 1986 si
276 1928 391 2003 tempus
415 1923 561 1985 sermonis
585 1921 671 1986 huius
694 1929 756 2002 cst,
787 1923 812 1986 is
835 1921 973 2005 prolecto
998 1929 1121 1986 exercet
1146 1921 1321 1986 modestiam

227 2055 262 2099 ac
285 2036 540 2100 mansuetudinem
563 2043 594 2099 et
615 2037 801 2119 patientium,
836 2045 867 2100 ut
897 2056 957 2101 non
989 2057 1027 2100 ex
1055 2038 1260 2120 indignatione
1291 2043 1322 2099 et

226 2153 269 2214 ira
293 2151 323 2213 in
345 2168 515 2214 sermonem
538 2158 681 2233 erumpat,
705 2169 766 2215 non
789 2153 913 2216 alicuius
936 2153 1085 2234 passionis
1108 2150 1247 2215 indicium
1271 2149 1321 2214 det

226 2267 256 2328 in
281 2265 380 2328 verbis
404 2266 476 2344 suis,
500 2281 559 2327 non
583 2264 720 2327 ardorem
743 2265 872 2330 libidinis
895 2265 1045 2330 llammare
1061 2267 1091 2327 in
1106 2281 1248 2328 sermone
1262 2279 1319 2325 suo

226 2381 336 2442 indicet
367 2387 396 2442 et
426 2381 527 2442 inesse
558 2378 643 2442 dictis
675 2380 736 2442 suis
766 2381 899 2442 stimulos
929 2380 1116 2461 iracundiae,
1147 2397 1186 2442 ne
1219 2394 1318 2442 sermo

225 2501 389 2576 post-remo,
413 2492 463 2572 qui
487 2493 696 2555 commendare
718 2494 861 2557 interiora
877 2494 974 2574 dehet,
997 2495 1098 2558 vitium
1114 2491 1234 2575 aliquod
1250 2508 1320 2555 esse

225 2612 255 2674 in
278 2611 410 2675 moribus
434 2609 546 2689 aperiat
569 2614 600 2669 et
622 2607 737 2688 prodat.

316 2721 363 2790 15.
410 2723 494 2786 Tunc
517 2719 595 2782 enim
624 2719 750 2781 maxime
778 2717 932 2782 insidiatur
962 2720 1170 2798 adversarius,
1201 2717 1320 2801 quando

227 2839 309 2901 videt
331 2837 418 2900 nobis
440 2833 597 2916 passiones
628 2831 741 2913 aliquas
772 2833 913 2914 generari
921 2852 930 2908 ;
962 2839 1030 2895 tunc
1060 2832 1179 2898 fomites
1211 2839 1321 2912 movet,

226 2953 350 3032 laqueos
372 2954 464 3033 parat.
510 2946 594 3011 Unde
617 2964 678 3009 non
700 2946 854 3026 inmerito,
885 2947 961 3010 sicut
992 2947 1098 3011 audisti
1129 2947 1218 3012 hodie
1250 2945 1321 3031 legi,

228 3065 372 3148 propheta
395 3064 480 3126 dicit:
502 3058 529 3144 ¹)
565 3060 646 3135 Onia
675 3061 743 3139 lpse
773 3060 919 3125 liberauit
940 3081 986 3124 me
1008 3063 1046 3125 de
1070 3063 1179 3144 laqueo
1202 3080 1320 3126 oenon-

228 3180 303 3244 tiom
324 3188 355 3242 et
376 3198 396 3242 a
418 3176 512 3239 verbo
535 3195 655 3257 aspero.
694 3175 886 3272 Symmachus
907 3177 1083 3241 inritationis
1098 3178 1223 3240 verbum
1239 3176 1321 3256 dixit,

136 3307 140 3315 ’
201 3215 209 3346 ἱ
228 3292 276 3354 alii
298 3289 538 3373 perturbationis.
583 3287 721 3369 Laqueus
744 3288 909 3353 adversarii
933 3308 1032 3354 sermo
1056 3299 1160 3356 noster
1183 3298 1246 3372 cst,
1268 3289 1322 3354 sed

229 3405 316 3468 etiam
340 3406 404 3487 ipse
426 3419 488 3465 non
509 3399 606 3463 minus
628 3397 817 3464 adversarius
838 3402 933 3466 nohis.
970 3404 1133 3485 Loquimur
1147 3404 1322 3487 plerumque

229 3519 309 3600 quod
340 3518 467 3600 excipiat
494 3515 628 3578 inimicus
660 3520 690 3575 et
718 3517 802 3596 quasi
834 3522 938 3580 nostro
966 3517 1067 3601 gladio
1097 3537 1153 3582 nos
1176 3518 1321 3582 vulneret.

230 3634 346 3708 Quanto
369 3631 550 3696 tolerabilius
573 3637 618 3694 est
641 3630 738 3694 alieno
762 3631 872 3714 gladio,
896 3651 983 3714 quarn
1005 3642 1110 3698 nostro
1134 3634 1261 3717 perire?

321 3743 370 3810 16.
415 3745 558 3827 Explorat
580 3762 656 3829 ergo
678 3744 868 3809 adversarius
892 3752 993 3810 nostra
1024 3767 1104 3811 arma
1134 3757 1164 3813 et
1193 3749 1323 3812 concutit

232 3879 285 3924 sua
306 3857 373 3924 tela.
413 3859 445 3925 Si
467 3859 575 3923 viderit
597 3859 711 3923 moveri
735 3877 792 3940 me,
815 3860 919 3922 inserit
938 3861 1060 3925 aculeos
1076 3879 1158 3941 suos,
1182 3869 1213 3924 ut
1228 3862 1321 3925 semi-

231 3975 313 4040 naria
329 3975 493 4060 iurgiorum
509 3973 626 4037 excitet.
655 3973 686 4040 Si
701 3974 830 4038 emisero
847 3974 970 4038 verbum
986 3974 1170 4056 indecorum,
1185 3975 1322 4058 laqueum

241 4127 439 4140 ——m

303 4215 333 4290 l)
350 4215 390 4274 Po.
408 4215 451 4286 90,
470 4215 495 4273 3.
