2932 4700
395 349 441 407 DE
460 347 596 406 omens
614 343 840 406 unumunurn
857 342 954 402 tutta
971 345 991 401 i.
1196 341 1237 412 57

144 511 274 592 indicio,
306 529 393 594 quam
421 513 471 578 iiie
493 511 691 592 Pharisaeus,
721 527 809 592 quom
832 508 1008 575 deformavit
1030 511 1238 591 praesumptio.

144 621 278 704 Ideoque
309 641 428 690 oremus
458 625 488 688 in
518 623 741 706 incorruptione
772 621 863 704 quieti
894 627 925 684 et
953 621 1080 688 modesti
1110 624 1239 706 spiritus,

147 737 201 818 qui
230 742 277 799 est
305 743 373 801 ante
403 738 490 800 deum
519 737 671 818 locuples,
701 741 733 799 ut
754 734 794 798 ait
815 735 928 800 Petrus.
948 732 977 820 ¹)
1020 733 1128 817 Magna
1150 736 1242 817 igitur

147 849 311 930 modestia,
340 869 433 932 quae,
465 870 532 916 cum
554 851 593 914 sit
618 851 704 914 etiam
727 849 775 914 sui
797 848 870 912 iuris
893 849 1061 930 remissior,
1091 848 1163 912 nibil
1185 849 1242 911 sibi

148 981 307 1046 usurpans,
329 964 401 1028 nibil
422 965 575 1030 vindicans
599 970 627 1028 et
650 962 867 1045 quodammodo
891 963 967 1028 intra
984 965 1063 1028 vires
1078 979 1148 1026 suas
1164 981 1241 1026 con-

150 1078 282 1159 tractior,
306 1078 389 1144 dives
413 1086 458 1144 est
481 1078 559 1162 apud
582 1078 679 1158 deum,
702 1077 779 1160 apud
802 1095 890 1159 quem
913 1095 1001 1141 nemo
1021 1077 1114 1141 dives.
1150 1076 1242 1140 Dives

152 1196 199 1255 est
220 1192 382 1273 modestia,
412 1195 481 1276 quia
504 1192 551 1256 dei
573 1193 672 1275 portio
696 1198 750 1256 est.
795 1192 901 1256 Paulus
932 1209 1052 1273 quoque
1079 1191 1243 1254 orationem

152 1301 264 1365 deferri
294 1305 448 1386 praecepit
470 1300 504 1388 ²)
532 1322 597 1368 curn
629 1303 809 1367 verecundia
840 1309 870 1366 et
901 1304 1071 1368 sobrietate.
1121 1304 1244 1367 Primam

151 1417 228 1479 hanc
259 1422 289 1480 et
318 1419 403 1499 quasi
430 1419 580 1500 praeviam
609 1417 670 1480 vuit
699 1435 769 1482 esse
800 1418 942 1482 orationis
965 1417 1099 1497 iuturaa,
1131 1425 1245 1482 utnon

152 1530 297 1614 glorietur
319 1532 487 1614 peccatoris
511 1533 617 1624 orap'o,
643 1531 707 1613 sed,
730 1532 814 1614 quasi
837 1532 941 1597 colore
963 1531 1085 1614 pudoris
1109 1530 1245 1611 obducta,

153 1663 212 1727 quo
235 1646 303 1727 plus
326 1644 424 1709 defert
444 1647 644 1712 verecundiae
667 1645 706 1708 de
728 1645 937 1710 recordatione
959 1645 1066 1724 delicti,
1088 1645 1146 1709 boc
1167 1645 1246 1708 ube-

153 1761 264 1825 riorem
287 1765 436 1823 mereatur
458 1761 607 1844 gratiam·

243 1871 293 1938 tt.
329 1873 382 1938 Est
404 1876 489 1937 etiam
508 1875 537 1938 in
556 1876 621 1957 ipso
639 1883 730 1955 motu,
755 1881 853 1959 gestu,
876 1875 996 1939 incessu
1012 1873 1139 1938 tenenda
1153 1892 1246 1938 vere-

155 1986 268 2051 cundia.
311 1988 433 2052 Habitus
457 1987 534 2051 enim
556 1989 661 2052 mentis
684 1989 714 2051 in
736 1987 872 2070 corporis
896 1993 974 2051 statu
997 1989 1136 2051 cernitur.
1172 1987 1247 2050 Hinc

154 2102 242 2165 bomo
266 2101 365 2167 cordis
388 2104 482 2166 nostri
511 2102 702 2167 absconditus
733 2109 782 2165 aut
810 2101 921 2164 levior-
936 2108 986 2165 aut
1014 2101 1169 2164 iactantior
1197 2105 1248 2163 aut

156 2214 318 2295 turbidior,
357 2221 406 2278 aut
440 2222 542 2280 contra
576 2217 698 2298 gravior
735 2222 765 2278 et
798 2216 981 2277 constantior
1018 2221 1047 2276 et
1082 2214 1184 2294 purior
1217 2219 1247 2275 et

157 2330 297 2392 maturior
319 2331 495 2394 aestimatur.
540 2329 639 2410 itaque
663 2346 725 2393 vox
748 2329 891 2411 quaedam
921 2335 966 2392 est
995 2328 1082 2390 animi
1112 2327 1247 2409 corporis

157 2448 263 2505 motus.

246 2553 297 2619 72.
341 2554 531 2634 Meministis,
554 2554 622 2634 filii,
651 2553 795 2635 quendam
819 2554 960 2636 amioum,
991 2573 1057 2620 cum
1079 2554 1192 2618 sedulis
1214 2571 1248 2617 se

157 2668 309 2734 videretur
332 2669 540 2732 commendare
562 2668 677 2750 officiis,
699 2670 757 2733 boo
779 2670 845 2734 solo
868 2677 967 2732 tamen
989 2671 1020 2732 in
1041 2670 1152 2734 clerum
1168 2686 1185 2731 a
1201 2687 1249 2731 me

156 2802 218 2848 non
240 2790 403 2865 receptum,
427 2783 504 2865 quod
528 2791 633 2867 gestus
656 2785 720 2848 eius
742 2784 900 2866 plurimum
923 2784 1084 2849 dedeceret
1091 2806 1101 2862 ;
1128 2786 1251 2849 alterum
1288 2811 1296 2869 p

157 2917 279 2982 quoque
310 2917 376 2961 cum
407 2899 437 2962 in
467 2899 548 2962 clero
578 2901 795 2982 repperissem,
829 2900 933 2964 iubere
964 2919 1012 2963 me
1042 2919 1080 2962 ne
1113 2917 1251 2980 umquam

157 3013 287 3096 praeiret
310 3013 396 3092 mihi,
428 3013 496 3094 quia
518 3014 599 3076 velut
622 3014 747 3095 quodam
770 3015 925 3078 insolentis
956 3015 1091 3078 incessus
1121 3016 1252 3078 verbero

159 3129 265 3194 oculos
288 3127 392 3192 feriret
413 3145 506 3190 meos.
543 3128 635 3209 quue
657 3129 727 3208 dixi,
750 3147 815 3192 oum
830 3128 1008 3193 redderetur
1022 3135 1091 3210 post
1107 3129 1250 3192 offensam

157 3243 281 3306 muneri.
332 3243 397 3306 Hoc
426 3243 523 3308 solum
552 3245 674 3327 excepi,
704 3262 761 3308 nec
791 3244 898 3307 ieiellit
929 3245 1076 3307 sententia
1083 3265 1093 3321 ;
1124 3250 1251 3324 uterque

160 3357 237 3420 enim
260 3357 297 3418 ab
322 3357 448 3421 ecclesie
471 3359 612 3438 recessit,
644 3366 676 3422 ut
699 3359 791 3441 qualis
816 3359 936 3422 incessu
958 3356 1153 3440 prodebatur,
1186 3356 1252 3421 talis

158 3467 283 3553 perfidia
307 3471 394 3532 animi
418 3471 678 3535 demonstraretur.
723 3472 856 3553 Namque
879 3472 954 3534 alter
972 3471 1102 3534 Arianae
1124 3470 1251 3534 infesta·
1277 3467 1285 3522 Ι

159 3584 248 3647 ιίοηίε
272 3591 406 3665 tempore
429 3582 516 3647 fidem
538 3583 685 3664 deseruit,
709 3585 784 3647 alter
805 3585 950 3666 pecuniae
972 3585 1088 3665 studio,
1110 3602 1149 3647 ne
1171 3584 1252 3647 iudi·
1320 3625 1327 3637 ·

161 3701 238 3762 cium
272 3699 385 3762 subiret
417 3695 620 3777 sacerdotale,
653 3713 688 3760 se
721 3701 855 3759 nostrum
886 3697 1017 3780 negavit.
1062 3696 1193 3762 Lucebat
1221 3696 1252 3759 in
1298 3711 1304 3768 ι

161 3812 278 3876 illorum
308 3812 428 3874 incessu
457 3812 555 3893 imago
586 3810 730 3890 levitatis,
761 3811 878 3891 species
909 3809 1053 3891 quaedam
1084 3829 1252 3876 scurrmum

161 3925 407 4011 percursantium.

233 4166 262 4248 1)
281 4167 305 4221 1.
323 4165 390 4220 rso.
409 4163 425 4217 o
444 4179 498 4240 seq.
569 4162 597 4237 ι)
617 4163 641 4216 1.
659 4161 720 4218 rm.
740 4163 766 4234 2,
786 4161 810 4221 o.
