2976 4706
428 367 473 420 llll
492 365 629 421 oratoris
647 363 872 418 midisseotttttt
891 364 988 420 LIBER
1006 367 1037 419 ll.
1220 372 1282 437 163

184 541 252 588 esse
275 531 403 608 oportet,
427 525 481 588 sed
497 526 592 608 mam‘s
615 533 762 607 tamquam
785 541 934 588 memores
957 527 1071 609 gratiae
1093 526 1284 594 humilitatem

183 644 304 717 tenere,
334 657 434 720 neque
457 638 568 702 oliendi
591 639 795 719 sacerdotem,
819 640 845 702 si
868 645 918 701 aut
939 639 1099 722 presbyter
1120 646 1170 704 aut
1192 643 1283 707 mini-

182 758 245 814 ster
268 756 318 814 aut
340 751 495 832 quisquam
526 751 563 814 de
593 751 675 815 clero
706 759 756 815 aut
781 751 985 816 misericordia
1015 759 1065 815 aut
1093 753 1204 818 ieiunio
1234 764 1284 819 aut

183 864 352 946 integritate
375 871 426 927 aut
448 862 582 926 doctrina
604 870 653 927 aut
674 864 803 928 lectione
832 864 1082 928 existimationem
1115 866 1285 930 adcumulet

182 993 275 1037 suarm
321 973 420 1040 Gratia
439 978 516 1038 enim
532 977 686 1040 Ecclesiae
709 978 774 1040 laus
798 978 931 1042 doctoris
955 984 1007 1042 est.
1052 979 1183 1059 Bonum,
1207 997 1282 1060 opus

183 1088 307 1151 alicuius
338 1087 521 1168 praedicari3
555 1089 594 1152 ita
618 1096 733 1170 tamen,
769 1091 795 1153 si
818 1092 899 1155 nullo
923 1091 1021 1155 studio
1045 1091 1095 1154 liat
1116 1091 1281 1155 iactantiae.

182 1201 318 1264 Laudent
339 1201 417 1265 enim
442 1221 684 1284 unumquemque
709 1205 914 1284 proximorum
935 1206 1030 1284 labia,
1061 1209 1092 1267 et
1113 1221 1175 1268 non
1197 1221 1284 1270 suum

184 1332 238 1392 os,
261 1320 291 1376 et
313 1313 522 1377 commendent
544 1332 658 1396 opera,
681 1332 742 1377 non
765 1314 860 1377 studia
883 1331 946 1377 sua.

272 1423 343 1489 123.
389 1425 527 1488 Ceterum
549 1426 575 1488 si
599 1426 665 1506 quis
695 1443 756 1489 non
788 1425 906 1488 obediat
938 1427 1098 1509 episcopo,
1135 1430 1282 1496 extollere

182 1545 272 1618 atque
295 1538 427 1600 exaltare
450 1555 520 1602 sese
542 1538 708 1619 desideret,
738 1541 917 1604 obumbrare
948 1540 1052 1604 merita
1081 1542 1215 1624 episcopi
1237 1544 1283 1608 si-

181 1653 288 1716 mulata
311 1651 511 1717 adfectatione
534 1654 687 1718 doctrinae
710 1662 760 1718 aut
781 1655 952 1718 humilitatis
975 1663 1026 1720 aut
1048 1654 1283 1736 misericordiae,

182 1769 209 1830 is
226 1785 242 1828 a
258 1783 334 1828 vero
358 1764 463 1828 devius
487 1765 637 1846 superbit,
661 1766 800 1846 quoniam
822 1765 955 1830 veritatis
978 1783 1014 1830 ea
1036 1772 1084 1828 est
1104 1767 1229 1850 regula,
1252 1774 1283 1830 ut

181 1880 253 1942 nillil
276 1878 369 1942 iacias
392 1877 619 1941 commendandi
640 1881 682 1942 tui
704 1897 811 1959 causa,
834 1895 893 1960 quo
916 1880 1014 1942 minor
1036 1878 1111 1942 alius
1132 1879 1201 1960 liat,
1224 1897 1282 1942 ne-

181 2008 241 2070 que
272 1991 298 2052 si
327 1989 399 2069 quid
428 1989 500 2052 boni
530 1989 661 2070 habeas,
696 1988 726 2051 id
756 1989 794 2052 ad
823 1988 1070 2054 deformationem
1102 1991 1222 2056 alterius
1253 1997 1284 2054 et
1333 2029 1334 2032 =

182 2102 432 2183 vituperationem
459 2117 615 2164 exerceas.

274 2210 344 2276 tat.
390 2213 459 2276 Non
490 2211 636 2276 delendas
665 2211 822 2293 inprobum
852 2219 883 2274 et
912 2217 1014 2276 sancta
1042 2211 1170 2294 indiguo
1198 2228 1288 2275 com-¹

184 2324 326 2387 mittenda
354 2324 527 2401 arbitreris,
558 2338 657 2402 neque
686 2321 792 2384 iterum
818 2339 929 2404 urgeas
952 2329 983 2384 et
1004 2322 1166 2404 inpugnm,
1201 2323 1285 2385 cuius

185 2435 296 2498 crimen
331 2451 392 2497 non
426 2431 671 2514 deprehenderis.
716 2431 791 2494 Nam
820 2449 886 2495 cum
916 2431 947 2494 in
978 2433 1114 2496 omnibus
1146 2434 1286 2498 iniustitia

185 2548 244 2610 cito
275 2546 422 2624 offendat,
457 2555 517 2609 tum
547 2545 674 2610 maxime
697 2545 726 2606 in
750 2546 895 2626 ecclesia,
929 2547 979 2609 ubi
1009 2548 1187 2628 aequitatem
1215 2565 1285 2615 esse

185 2665 319 2741 oportet,
342 2659 393 2722 ubi
416 2656 626 2738 aequalitatem
648 2655 761 2719 babere
784 2657 887 2736 decet,
910 2663 941 2720 ut
962 2659 1034 2722 nihil
1057 2661 1114 2724 sibi
1135 2664 1286 2744 potentior

183 2773 251 2852 plus
281 2772 428 2850 vindicet,
462 2771 534 2834 nibil
565 2769 630 2852 plus
662 2777 786 2852 usurpet
817 2769 913 2834 ditior.
958 2772 1028 2836 Sive
1058 2775 1136 2837 enim
1162 2793 1285 2858 pauper,

182 2885 248 2948 sive
269 2885 365 2963 dives,
387 2887 417 2948 in
432 2885 551 2948 Christo
575 2902 665 2947 unum
688 2890 764 2946 sunt.
809 2885 888 2948 Nibil
911 2886 1042 2948 sanctior
1063 2886 1130 2967 plus
1152 2887 1209 2950 sibi
1231 2904 1284 2949 ar-

183 3005 272 3080 roget
279 3019 289 3074 ;
312 2999 409 3078 ipsum
431 3000 510 3060 enim
531 3015 586 3078 par
609 3004 656 3061 est
679 3015 748 3060 esse
771 2995 985 3061 humiliorem·

275 3109 344 3175 125.
389 3112 448 3177 Sed
472 3130 530 3174 nec
558 3127 717 3192 personam
749 3111 871 3174 alterius
903 3111 1080 3192 accipiamus
1103 3113 1132 3176 in
1156 3111 1284 3188 iudicio;

183 3225 280 3308 gratia
311 3224 404 3302 absit,
435 3242 544 3288 causac
575 3225 678 3288 merita
710 3223 881 3287 decernant.
925 3223 1005 3287 Nihil
1030 3225 1075 3287 sic
1103 3224 1284 3305 opinionem,

183 3339 284 3406 immo,
301 3337 389 3399 iidem
417 3343 539 3420 gravat,
573 3357 659 3418 quam
688 3338 715 3399 si
744 3337 774 3399 in
806 3335 963 3399 iudicando
996 3337 1158 3418 potentiori
1187 3336 1283 3400 dones

183 3469 300 3515 causam
322 3449 489 3530 inferioris,
523 3451 574 3513 vel
595 3468 757 3532 pauperem
785 3451 975 3512 innocentem
1005 3466 1133 3532 arguas,
1163 3449 1284 3513 divitem

184 3581 313 3628 excuses
346 3582 429 3627 reum
463 3563 576 3644 culpae.
622 3565 750 3627 Pronum
785 3563 894 3644 quippe
928 3569 974 3625 est
1004 3579 1102 3644 genus
1133 3563 1285 3626 bominum

184 3675 287 3738 lavere
309 3677 569 3758 honoratioribus,
592 3695 631 3740 nc
650 3678 751 3740 laesos
772 3694 842 3742 sese
860 3683 977 3759 putent,
1000 3677 1132 3740 revicti
1154 3676 1283 3740 doleant.

183 3787 243 3850 Sed
264 3791 388 3870 primum
403 3791 429 3854 si
445 3789 591 3854 oliensam
612 3790 747 3869 vereris,
770 3809 831 3853 non
852 3791 981 3871 recipias
1004 3789 1157 3866 iudicium3
1181 3790 1207 3852 si
1229 3805 1284 3852 sa-

184 3899 292 3963 cerdos
324 3920 357 3964 es
387 3909 437 3966 aut
467 3905 492 3967 si
524 3904 679 3984 quisquam
711 3904 807 3983 aliuS,
840 3922 902 3967 non
934 3903 1073 3966 lacessas.
1119 3902 1203 3966 Licet
1231 3902 1285 3966 tibi

183 4012 274 4074 silere
305 4015 335 4075 in
365 4019 489 4098 negotio
526 4018 677 4080 dumtaxat
710 4019 900 4097 pecuniario,
934 4035 1109 4098 quamquam
1139 4017 1177 4079 sit
1205 4035 1283 4080 con-

184 4125 310 4188 stantiae
342 4126 449 4190 adesse
483 4131 633 4211 aequitati.
688 4130 720 4192 ln
755 4149 845 4194 causa
879 4138 975 4194 autem
1009 4131 1076 4210 dci,
1100 4131 1164 4194 'ubi
1196 4147 1282 4194 com·

998 4241 1071 4308 ll*
