2976 4706
233 373 296 440 176
535 389 541 400 ·
679 369 705 426 S.
723 367 879 426 monost!

233 533 285 617 qai
313 530 418 601 otiosis
446 529 581 596 manibus
611 529 805 614 expugnabat
831 527 968 608 hostem,
1000 545 1089 612 mem
1111 546 1172 593 non
1194 533 1334 613 poterant

233 647 358 710 vincere
380 644 431 725 qui
452 642 638 708 dimicabant
655 640 684 727 ¹)
720 642 804 726 Ergo
826 641 950 725 lloyaes
973 646 1002 705 et
1024 642 1054 706 in
1077 643 1196 708 silentio
1219 642 1334 724 loque·

233 761 322 856 batur
352 765 383 822 et
411 757 442 820 in
474 756 536 820 otio
567 753 756 836 operabatur.
809 751 901 818 Cuius
930 760 1029 817 autem
1059 753 1172 817 maiora
1202 755 1334 837 negotia,
1471 749 1472 806 ἶ

235 891 323 955 quam
352 871 439 934 huius
470 869 548 948 otia,
582 867 633 948 qui
665 863 861 949 quadraginta
893 864 999 929 diebus
1025 866 1141 948 positus
1172 867 1202 929 in
1232 873 1336 930 monte

234 992 326 1050 totam
342 983 446 1068 legem
469 981 635 1063 conplexus
659 979 730 1043 est?
749 977 783 1065 ²)
827 978 865 1042 llt
886 979 917 1042 iu
939 979 989 1042 illa
1012 978 1173 1045 solitudine
1195 981 1246 1061 qui
1268 1000 1336 1044 oum

236 1114 275 1159 eo
303 1095 479 1176 loqueretur
510 1109 570 1154 non
601 1089 703 1154 deluit
748 1089 834 1154 Unde
865 1097 896 1153 et
924 1090 1021 1154 David
1051 1093 1107 1155 ait:
1124 1088 1157 1178 ³)
1188 1092 1335 1172 Audiam,
1473 1181 1474 1184 Ἴ

235 1208 312 1290 quid
335 1208 484 1287 loquatur
506 1204 540 1266 in
561 1223 609 1264 me
630 1202 774 1267 dominus
796 1203 882 1267 deos.
927 1203 964 1266 Et
986 1209 1096 1286 quanto
1124 1205 1192 1287 plus
1214 1213 1279 1287 est,
1309 1207 1337 1270 si

236 1340 303 1385 eom
326 1319 426 1402 aliquo
448 1318 524 1382 deus
546 1317 696 1399 loquatur,
719 1334 807 1399 quam
829 1317 895 1400 ipse
918 1319 1049 1381 seeum?

325 1431 355 1498 3.
393 1432 570 1498 l'ransibant
584 1433 712 1516 apostoli
728 1440 759 1496 et
773 1433 877 1496 umbra
892 1450 998 1496 eorum
1012 1434 1134 1496 curabat
1149 1432 1292 1498 infirmos.
1302 1430 1337 1518 ⁴)
1474 1469 1475 1494 2

239 1546 452 1629 tangebantur
473 1547 649 1609 vestimenta
671 1563 776 1610 eorum
799 1552 830 1608 et
850 1547 962 1611 sanitas
985 1544 1185 1611 deferebatur.

326 1656 357 1724 4.
402 1655 579 1725 Sermonem
607 1657 725 1722 loeutus
756 1666 804 1722 est
832 1659 934 1723 llelias
963 1665 994 1724 et
1020 1659 1120 1742 pluvia
1149 1659 1247 1739 stetit,
1279 1676 1338 1722 nee

239 1771 348 1836 eeeidit
376 1788 469 1854 super
499 1777 611 1834 terram
641 1771 733 1834 tribus
762 1772 849 1836 annis
878 1778 910 1836 et
937 1791 996 1836 serr
1025 1774 1185 1838 mensibus.
1229 1773 1339 1837 ltemm

238 1887 357 1950 locutus
387 1890 451 1964 est,
482 1886 512 1946 et
540 1881 646 1965 hydria
675 1881 790 1944 farinae
819 1900 881 1946 nou
904 1881 1029 1964 defecit,
1063 1890 1093 1946 et
1114 1901 1169 1948 vas
1191 1884 1252 1949 olei
1273 1889 1339 1947 toto

239 1996 326 2065 lamis
348 1997 473 2063 diurnae
494 2002 631 2078 tempore
653 2013 715 2060 non
735 2003 783 2061 est
806 1997 998 2062 exinanitum
1015 1995 1048 2083 ⁵)

327 2109 357 2177 5.
394 2111 432 2176 Et
453 2111 593 2192 quoniam
616 2110 779 2193 plerosque
798 2110 946 2176 delectant
959 2111 1075 2192 belliea,
1097 2109 1168 2193 quid
1184 2117 1232 2173 est
1245 2127 1340 2192 prae·

239 2224 376 2303 stantius,
397 2221 515 2305 magnis
537 2221 668 2303 lacertis,
691 2239 729 2286 au
751 2223 825 2286 solis
846 2223 961 2287 meritis
981 2222 1151 2288 coniecisse
1169 2223 1341 2306 proelium?

240 2335 372 2402 Sedebat
392 2334 549 2398 Helisaeus
565 2328 598 2416 ⁶)
624 2331 655 2395 in
676 2349 738 2396 uno
760 2332 830 2396 loeo
853 2341 885 2397 et
905 2351 963 2397 rex
985 2332 1092 2418 Syriae
1113 2353 1250 2418 magnam
1267 2333 1342 2404 loelli
1477 2361 1478 2388 n

241 2449 350 2513 molem
371 2447 520 2511 interebat
541 2447 652 2528 populo
676 2453 791 2529 patrum
814 2446 1003 2529 diversisque
1029 2447 1221 2512 consiliorum
1250 2465 1342 2511 acer-

241 2561 330 2624 vabat
353 2557 506 2624 fraudibus
530 2565 560 2622 et
574 2561 791 2623 circumvenire
807 2560 921 2624 insidiis
936 2562 1120 2626 moliebatur.
1159 2560 1219 2627 Sed
1235 2576 1341 2627 omnes

241 2673 307 2738 eius
330 2678 488 2754 apparatus
509 2671 656 2753 propheta
684 2671 927 2754 deprehendebat
955 2680 986 2738 et
1013 2675 1122 2758 vigore
1151 2675 1257 2737 mentis
1285 2690 1341 2755 per
1476 2755 1477 2758 Ἴ

241 2786 367 2872 gratiam
390 2783 439 2848 dei
460 2785 571 2866 ubique
591 2802 738 2866 praesens
761 2788 960 2872 cogitationes
982 2788 1111 2851 hostium
1132 2787 1195 2851 suis
1220 2785 1341 2850 adnun-

242 2899 339 2964 oiabat
361 2905 390 2963 et
412 2897 553 2962 monebat
574 2897 682 2980 quibus
701 2906 845 2964 caverent
859 2901 945 2966 loeis.
983 2899 1071 2976 Quod
1086 2900 1137 2964 ubi
1152 2901 1219 2984 regi
1235 2899 1342 2984 Syriae
1436 2938 1439 2949 ι

242 3011 460 3076 manilestatum
487 3017 551 3091 est,
582 3013 673 3076 misso
705 3014 840 3077 exercitu
870 3013 975 3079 elausit
1002 3013 1186 3097 prophetam
1237 3013 1343 3078 Oravit

242 3123 399 3188 Helisaeus
430 3129 461 3187 at
493 3141 597 3188 omnes
627 3125 694 3190 illos
724 3127 870 3190 caecitate
899 3127 1015 3209 percuti
1045 3125 1117 3190 iecit
1148 3132 1178 3190 et
1209 3127 1342 3210 captivam

243 3236 356 3301 intrare
378 3235 409 3299 iu
432 3236 603 3318 Samariam,
627 3239 678 3320 qui
701 3246 849 3306 venerant
871 3239 1011 3305 obsidere
1034 3258 1110 3305 eum.

332 3345 362 3414 6.
407 3349 602 3416 Conferamus
631 3351 690 3416 lroe
718 3355 808 3417 otium
830 3371 897 3416 eum
919 3353 1045 3418 aliorum
1067 3353 1138 3419 otio.
1181 3350 1242 3416 Alii
1264 3352 1343 3415 enim

243 3461 455 3544 requiescendi
484 3479 575 3527 eausa
604 3461 755 3530 abducere
783 3463 910 3528 animum
939 3482 957 3527 a
985 3463 1117 3549 negotiis
1146 3461 1245 3527 solent
1274 3467 1343 3524 eta

243 3580 395 3639 conventu
428 3581 579 3658 coetuque
611 3575 761 3640 hominum
795 3567 986 3642 subtrahere
1003 3595 1091 3657 sese,
1125 3583 1155 3640 et
1184 3580 1235 3640 aut
1262 3571 1344 3638 ruris

243 3694 349 3769 petere
371 3694 531 3768 secretum,
554 3695 675 3770 captare
697 3705 840 3772 agrorum
861 3689 1046 3771 solitudines,
1068 3697 1118 3755 aut
1138 3691 1217 3754 intra
1237 3689 1343 3752 urbem

138 3787 142 3796 “
244 3817 354 3864 vuemo
380 3800 496 3880 animo,
524 3800 682 3885 indulgere
712 3802 804 3884 quieti
833 3809 864 3868 et
886 3801 1087 3886 tranquillitati
1094 3823 1105 3882 ς
1138 3793 1343 3885 nemaeusl)

317 3978 344 4044 1)
362 3977 445 4032 Exod.
465 3979 507 4046 17,
526 3980 557 4032 11
577 3997 649 4052 aoqq.
714 3981 1032 4052 2)1bid.24,15·eqq‚
1097 3983 1126 4050 3)
1144 3981 1236 4036 Psalm.
1255 3980 1299 4046 84,
1318 3981 1344 4034 9.

245 4064 275 4129 ⁴)
293 4063 350 4117 Act·
363 4064 388 4131 ⁵,
407 4066 449 4119 ¹6.
485 4067 514 4133 ⁵)
533 4067 558 4122 a.
571 4067 636 4138 neg.
650 4067 692 4136 ra,
713 4068 814 4142 rneqq.
849 4070 922 4150 aar.
934 4069 999 4140 neg.
1012 4069 1039 4138 s,
1055 4068 1157 4140 seqq.
1194 4067 1223 4133 r)
1242 4067 1266 4121 t.
1279 4067 1350 4136 noge

246 4147 397 4218 zonat,
418 4151 451 4204 16
469 4170 541 4224 seqq.
