2976 4706
207 351 254 418 96
658 351 859 408 S.nnun0sn

303 509 375 576 184.
420 511 522 593 ltaque
544 512 705 576 considera
728 511 975 594 quemadmodum
999 528 1072 591 eos,
1095 511 1146 592 qui
1161 510 1197 572 ad
1213 505 1311 572 officit

213 627 360 690 ecelesiae
392 623 552 705 accedunt,
588 624 810 707 despicientiam
841 644 940 690 rerum
974 625 1166 690 humanarum
1199 621 1311 686 habere

213 741 325 805 debere
349 739 464 806 doceat.
510 740 545 802 Si
567 760 641 822 ergo
657 738 686 823 ¹)
710 741 824 802 mortui
848 741 923 803 estis
945 759 1013 802 eam
1038 737 1163 800 Christo
1185 737 1224 800 ab
1247 737 1310 797 ele-

211 857 322 917 mentis
345 855 440 917 laios
462 856 581 933 mandi,
605 856 681 935 qnid
698 856 802 917 aditae
817 857 902 919 oelnt
914 856 1054 918 oioeates
1070 855 1108 916 de
1124 853 1183 916 ltoe
1197 853 1312 916 mando

212 967 408 1028 decernitis?
440 966 485 1027 Ne
502 967 674 1046 tetigeritis,
699 954 736 1028 aa
752 967 1022 1044 attaminaveritis,
1040 986 1078 1027 ne
1093 967 1310 1046 gustaveritis,

213 1098 293 1161 qnae
315 1086 389 1141 sant
410 1079 516 1142 omnio
539 1080 581 1142 od
602 1080 814 1157 corruptelam
837 1079 908 1157 ipso
931 1098 999 1142 aaa.
1044 1077 1080 1142 Et
1106 1079 1197 1142 inira:
1214 1076 1246 1163 ²)
1277 1078 1312 1139 Si

213 1216 287 1278 erqo
309 1193 555 1257 consumemistls
574 1191 795 1270 cumeorum,
820 1211 900 1271 qaae
922 1211 1046 1254 saroam
1068 1199 1142 1255 sant
1164 1193 1312 1272 quaerite.

212 1307 249 1370 Et
278 1309 402 1371 iterum:
419 1303 453 1390 3)
487 1305 672 1385 Mortificate
702 1325 775 1386 ergo
806 1304 941 1367 membra
971 1313 1095 1384 oestro,
1130 1325 1211 1386 qaae
1242 1313 1315 1368 sant

212 1439 307 1502 saper
330 1428 453 1482 terram.
497 1419 536 1484 Et
556 1420 632 1482 haee
655 1418 775 1508 quidem
796 1417 894 1482 adhue
917 1420 1053 1482 omnibus
1075 1417 1230 1495 fidelibus3
1261 1418 1312 1480 tibi

214 1539 330 1613 autem,
362 1532 420 1612 tili,
453 1539 654 1614 contemptum
688 1531 875 1613 divitiarum,
909 1532 1102 1614 profanarum
1127 1550 1247 1612 quoque
1283 1537 1314 1592 et

214 1643 332 1707 anilium
355 1643 519 1707 fabularum
544 1644 650 1707 suadet
673 1643 921 1723 declinationem,
944 1643 1016 1708 nihil
1039 1646 1233 1726 permittens,
1256 1643 1313 1704 nisi

214 1757 295 1838 quod
328 1765 358 1819 te
393 1763 535 1820 exerceat
568 1755 605 1818 ad
641 1758 796 1837 pietatem,
836 1757 903 1839 quia
939 1760 1105 1841 corporalis
1139 1756 1312 1822 exercitatio

216 1869 291 1934 nulli
312 1871 358 1934 rei
381 1871 449 1934 usui
472 1875 534 1950 est,
555 1869 650 1952 pietas
672 1875 770 1933 autem
793 1870 829 1933 ad
853 1871 950 1933 omnia
972 1872 1060 1935 utilis.
1073 1867 1106 1954 ⁴)

305 1981 375 2046 185.
419 1982 569 2048 Exercent
593 2002 668 2066 ergo
687 1989 718 2046 te
741 1986 835 2066 pietas
860 1984 896 2048 ad
919 1984 1069 2064 iustitiam,
1093 1983 1314 2063 continentiam,

214 2097 486 2176 mansuetudinem,
515 2105 548 2161 ut
570 2097 669 2182 lugius
691 2097 830 2161 iuvenilia
854 2115 962 2180 opera,
993 2097 1185 2162 confirmatus
1208 2102 1238 2158 et
1259 2113 1314 2158 ra-

214 2209 328 2275 dicatus
351 2212 382 2274 in
403 2215 499 2296 gratia
529 2216 640 2278 bonum
671 2213 741 2278 lidei
770 2213 880 2277 subeas
911 2219 1080 2287 certamem
1115 2229 1176 2274 non
1205 2217 1235 2273 te
1264 2210 1314 2272 in-

214 2321 309 2404 plioes
331 2325 462 2406 negotiis
490 2325 712 2403 'saecularibum
745 2326 885 2405 quoniam
913 2323 970 2387 deo
993 2325 1106 2387 militas.
1151 2323 1266 2386 Etenim
1289 2324 1315 2386 si

214 2434 257 2513 is,
292 2436 342 2515 qui
369 2437 541 2519 imperatori
571 2437 689 2514 militat,
721 2453 737 2497 a
761 2436 1000 2517 susceptionibus
1027 2435 1135 2513 litium,
1165 2441 1231 2497 aotu
1254 2450 1313 2495 ne-

218 2547 368 2628 gotiorum
397 2548 581 2625 forensium,
611 2546 784 2614 venditione
811 2549 953 2610 mercium
983 2547 1157 2630 prohibetur
1179 2547 1313 2610 humanis

217 2658 352 2741 legibus,
376 2668 486 2741 quanto
509 2661 604 2742 magis
627 2660 678 2740 qui
700 2659 769 2722 fidei
792 2666 916 2721 exercet
937 2659 1081 2740 militiam,
1104 2661 1141 2724 ab
1160 2661 1240 2723 omni
1257 2675 1314 2722 usu

216 2773 430 2856 negotiationis
456 2773 605 2838 abstinere
628 2771 733 2851 dehet,
760 2773 881 2854 agelluli
905 2773 951 2836 sui
975 2778 1133 2837 contentus
1160 2773 1314 2851 fructibus,

217 2885 243 2946 si
265 2885 370 2962 habet;
398 2887 425 2950 si
447 2905 507 2950 non
530 2887 635 2965 habet,
658 2885 874 2968 stipendiorum
896 2903 1017 2949 suorum
1042 2885 1167 2950 fructu?
1211 2885 1313 2965 Siqui-

217 2996 297 3059 dem'
319 3000 417 3064 bonus
452 2999 536 3062 testis
572 3006 619 3061 est
653 3000 703 3081 qui
737 2999 822 3062 dicit:
849 2996 881 3083 ⁵)
919 2997 1128 3092 laoonislsai
1161 3007 1192 3060 et
1224 3001 1314 3062 senui

217 3116 248 3170 et
279 3129 342 3173 aon
373 3113 438 3175 aidi
469 3114 582 3177 iustam
610 3115 809 3191 derelictam,
844 3133 900 3177 neo
929 3134 1031 3177 seman
1062 3115 1130 3178 aias
1160 3133 1314 3194 quaerens

215 3239 336 3302 ponam.
395 3223 438 3288 Ea
478 3233 524 3289 est
566 3228 644 3290 euim
685 3227 879 3309 tranquillitas
920 3227 1008 3289 animi
1049 3233 1078 3290 et
1111 3228 1314 3309 temperantia,

218 3350 294 3416 quae
316 3353 416 3419 neque
438 3339 538 3405 studio
567 3339 731 3422 quaerendi
760 3340 900 3419 afficitur,
933 3358 1033 3422 neque
1062 3342 1205 3426 egestatis
1234 3347 1314 3404 metu

217 3449 344 3533 angitur.

207 3693 216 3702 “
289 3717 318 3786 1)
334 3716 431 3772 coloss.
444 3719 469 3786 2,
482 3719 517 3772 ao
528 3735 581 3788 aq.
636 3720 664 3786 2)
679 3718 773 3785 aaa,
787 3719 800 3770 1
816 3735 871 3789 aq.
927 3719 955 3786 a)
968 3719 1032 3772 uu.
1045 3735 1070 3772 v.
1084 3720 1108 3771 5.
1171 3722 1200 3787 t)
1216 3725 1239 3775 1.
1252 3720 1314 3772 rum.

217 3804 244 3868 t,
263 3802 279 3854 'i
297 3819 351 3874 aeq.
423 3807 453 3876 5)
471 3805 561 3863 Psalm.
580 3805 623 3873 36,
643 3807 685 3860 25.
