2932 4700
422 362 467 418 un
488 355 625 418 urricus
641 352 1013 412 uuosmoauuuuaunu
1213 355 1252 420 51

168 524 280 590 ferreis
312 532 363 590 aut
392 527 526 612 gradum
561 525 712 590 valvarum
744 521 895 601 obicibus,
927 519 1083 601 quominus
1112 521 1258 600 penetret,

165 639 332 722 inpeditur,
365 640 517 722 quomodo
545 657 607 704 non
635 643 735 722 potest
765 633 963 718 intellegibilis
986 631 1034 696 dci
1062 630 1203 714 splendor
1227 629 1258 692 in

170 753 369 836 cogitationes
391 752 541 816 bominum
564 758 593 814 et
616 749 707 814 corda
730 755 842 828 semet,
869 765 946 829 quae
968 749 1032 830 ipse
1056 746 1186 825 creauit,
1209 743 1258 807 in-

165 883 291 947 serere,
317 863 372 932 sed
395 885 449 948 ea,
479 885 556 950 quae
579 867 644 950 ipse
667 865 753 946 iecit,
783 881 844 928 non
869 863 949 928 uidet
971 869 1001 926 et
1022 862 1109 942 iecit,
1137 869 1170 925 ut
1192 878 1260 924 me·

166 978 244 1042 liora
274 979 334 1042 sint
366 997 443 1060 quae
473 977 550 1041 iactu
580 985 648 1042 suut
671 983 703 1042 et
723 977 908 1060 potentiora,
942 993 1030 1058 quam
1054 977 1118 1058 ipse
1142 982 1189 1039 est
1210 977 1261 1057 qui

168 1090 302 1172 coiecit,
325 1099 357 1158 ut
378 1094 502 1175 possint,
526 1093 644 1176 pando
667 1091 779 1172 volunt,
804 1090 1004 1175 cognitionem
1027 1091 1074 1154 sui
1096 1089 1261 1172 operatoris

167 1206 286 1270 latere?
331 1207 453 1270 Tantam
477 1226 553 1291 ergo
573 1208 710 1270 virtutem
726 1212 756 1268 et
772 1211 947 1287 potestatem
970 1206 1094 1268 inseruit
1115 1203 1261 1268 mentibus

168 1322 295 1400 nostris,
317 1327 349 1384 ut
372 1338 438 1383 eam
459 1319 706 1402 conprehendere
729 1335 796 1380 cum
817 1318 904 1397 velit,
926 1318 992 1399 ipse
1015 1334 1075 1380 nou
1097 1314 1217 1397 possiti

573 1587 752 1656 CAPUT
788 1585 865 1654 XV.

171 1753 268 1818 Quibus
286 1755 404 1824 displicet
421 1755 489 1825 quod
506 1755 579 1808 bonis
598 1754 664 1806 mala
683 1763 710 1807 et
727 1754 799 1806 malis
817 1753 884 1805 bene
903 1755 949 1819 sit,
979 1755 1015 1807 eis
1035 1755 1121 1808 Lazari
1147 1753 1264 1826 exemplo

172 1852 199 1896 et
215 1841 284 1895 Pauli
311 1845 460 1896 auctoritate
486 1844 629 1895 ostenditur
645 1851 705 1912 post
729 1844 804 1896 vitam
827 1857 924 1909 poenas
942 1858 973 1894 ac
990 1846 1104 1910 praemio
1130 1847 1264 1899 reservari.

259 2002 309 2068 57.
354 2003 421 2067 Duo
448 2003 628 2068 absolvimus
651 2009 699 2083 et,
730 2011 762 2067 ut
784 2004 976 2083 arbitramur,
1008 2022 1069 2067 uon
1100 2006 1266 2090 incongrue

174 2117 261 2182 nobis
283 2117 451 2182 huiusmodi
472 2117 581 2181 cecidit
604 2116 769 2199 disputatio.
815 2119 946 2180 Tertium
965 2133 1060 2200 genus
1083 2119 1265 2198 quaestionis

175 2231 290 2295 residet
311 2230 497 2311 huiusmodi,
520 2248 573 2294 cur
595 2238 770 2312 peccatores
793 2231 943 2294 abundent
965 2231 1070 2312 opibus
1093 2236 1123 2293 et
1146 2232 1265 2313 divitiis,

176 2345 332 2428 epulentur
354 2346 472 2428 iugiter,
495 2345 560 2407 sine
583 2361 730 2423 maerore,
753 2345 818 2407 sine
833 2343 930 2422 luotu;
953 2345 1023 2408 iusti
1045 2350 1142 2408 autem
1158 2352 1268 2430 egeant

176 2466 206 2522 et
227 2459 392 2523 alliciantur
413 2465 464 2521 aut
486 2460 646 2542 coniugum
670 2460 829 2524 amissione
853 2466 903 2522 aut
924 2460 1110 2524 liberorum?
1155 2459 1266 2535 Quibus

176 2573 348 2638 satisfacere
371 2573 471 2636 debuit
492 2574 540 2637 illa
562 2574 711 2657 evangelii
732 2574 888 2656 parabola,
908 2571 936 2658 ¹)
964 2573 1045 2656 quod
1068 2575 1152 2639 dives
1174 2576 1267 2658 bysso

176 2693 207 2750 et
228 2705 357 2769 purpura
388 2686 564 2752 induebatur
594 2693 624 2751 et
656 2689 758 2771 epulas
789 2671 928 2772 copiosas
960 2690 1120 2753 exhibebat
1148 2689 1267 2769 cotidie,

178 2819 292 2884 pauper
321 2806 418 2864 autem
448 2803 553 2884 plenus
584 2803 718 2867 ulcerum
741 2803 779 2866 de
802 2821 904 2866 mensa
927 2805 991 2867 eius
1014 2803 1171 2889 colligebat
1193 2803 1269 2868 reli·

177 2915 271 2996 quiae.
307 2914 378 2978 Post
401 2914 512 2978 obitum
527 2932 602 2978 vero
618 2915 773 2994 utriusque
795 2931 909 2996 pauper
925 2920 989 2977 erat
1002 2915 1033 2976 in
1048 2915 1116 2978 sinu
1130 2916 1268 2979 Abrabae

176 3029 309 3111 requiem
339 3028 469 3108 babens,
502 3028 585 3092 dives
617 3035 715 3092 autern
744 3028 774 3090 in
804 3028 964 3110 suppliciis.
1008 3029 1114 3092 Nonne
1145 3029 1268 3093 evidens

179 3149 226 3207 est
248 3143 419 3206 meritorum
441 3147 490 3203 aut
511 3142 641 3222 praemia
656 3148 706 3205 aut
721 3141 864 3223 supplicia
885 3148 954 3224 post
976 3150 1099 3207 mortem
1122 3144 1269 3208 manere?

264 3252 315 3320 58.
358 3254 395 3317 Et
408 3261 501 3333 recte,
526 3255 595 3334 quia
610 3255 640 3317 in
661 3255 821 3317 certamine
842 3254 928 3318 labor
951 3262 1005 3334 est,
1027 3263 1097 3337 post
1118 3264 1268 3321 certamen

178 3369 241 3432 eliis
258 3368 391 3448 victoria,
415 3367 479 3430 aliis
495 3368 662 3460 ignominia.
700 3367 846 3451 Numquid
868 3369 1038 3450 priusquam
1060 3387 1166 3433 cursus
1189 3387 1268 3433 con·

176 3482 300 3562 liciatur,
315 3482 410 3565 palma
422 3482 558 3562 cuiquam
571 3482 665 3561 datur,
681 3489 731 3546 aut
747 3482 881 3546 defertur
895 3482 1034 3545 corona?
1070 3481 1176 3546 blerito
1186 3484 1267 3547 Pau-

176 3596 237 3660 lus:
250 3592 285 3679 ²)
308 3595 481 3673 Certamen,
504 3595 607 3676 inquit,
631 3595 744 3659 bouum
758 3597 886 3672 certavi,
906 3613 1029 3658 οιινιιιιιι
1045 3598 1267 3676 consummant,

175 3711 265 3790 pidem
286 3711 429 3784 cedoald,-
452 3711 537 3791 quod
548 3711 710 3790 reliquom,
733 3711 874 3790 reposito
889 3717 936 3771 cst
950 3708 1025 3770 mibi
1042 3727 1158 3772 corona
1173 3711 1267 3773 iusti·

3 3875 5 3916 ,
128 3915 132 3919 μ
177 3825 257 3904 tiae,
289 3843 383 3906 quem
405 3825 514 3887 reddet
533 3824 607 3886 mitt
628 3825 772 3888 dominus
794 3825 828 3886 a're
849 3824 907 3886 illo
929 3823 998 3901 die,
1028 3821 1129 3885 iustus
1150 3824 1268 3900 iudcc5

178 3955 241 4000 noa
256 3938 356 4002 solum
377 3944 479 4000 cutem
499 3936 584 4013 mibi,
606 3936 664 3998 sed
687 3938 778 4000 etlam
792 3936 853 4014 bis,
877 3937 931 4016 qui
945 3936 1081 4018 diligunt
1104 3938 1267 4004 aduentum

249 4177 278 4248 1)
295 4175 355 4232 Luc.
375 4177 416 4247 16,
434 4179 467 4232 ts
485 4195 539 4250 seq.
609 4179 637 4246 2)
657 4179 682 4232 2.
700 4175 763 4232 lim.
782 4178 808 4245 t,
825 4177 844 4230 7
861 4195 914 4249 seq.

997 4203 1068 4342 4⁴⁶¹
