2976 4706
381 345 427 399 DE
447 343 583 400 otutcns
604 342 830 400 mtlttstttonutt
848 343 943 398 LIBER
962 345 1003 399 lll.
1178 349 1241 414 189

152 511 252 570 terrae
282 507 431 590 simplices
461 525 544 588 esse,
578 509 644 592 plus
668 509 716 590 qui
739 506 945 587 seminaverit,
981 526 1018 571 eo
1040 507 1241 590 probatiorem

152 619 235 702 lore,
259 623 417 686 uberiores
440 622 553 687 reditus
576 623 737 688 industriae
760 641 822 688 non
845 622 992 702 fraudari,
1022 623 1241 707 neglegentiam

150 737 244 822 magis
267 743 297 801 et
318 738 460 802 incuriam
481 740 559 802 ruris
582 740 683 802 inculti
706 738 885 821 reprehendi
907 738 1015 801 solere.

237 847 288 915 39.
333 850 441 931 Aravi,
473 853 584 933 inquit,
618 851 797 930 studiosius,
826 852 947 916 uberius
977 851 1137 931 seminavi,
1170 851 1240 915 dili-

148 964 267 1048 gentius
291 964 427 1045 excolui,
450 966 547 1029 bonos
569 967 678 1048 collegi
701 972 880 1047 proventus,
902 965 1054 1028 sollicitius
1077 966 1240 1046 recondidi,

148 1077 268 1140 ser'vavi
298 1078 441 1158 fideliter,
475 1081 601 1160 provide
631 1079 786 1144 custodivi.
831 1080 917 1145 Nunc
940 1080 969 1140 in
992 1087 1125 1162 tempore
1155 1081 1239 1145 famis

147 1191 266 1272 vendo,
288 1195 432 1256 subvenio
455 1195 669 1271 esurientibus3
692 1195 793 1258 vendo
816 1194 994 1258 frumentum
1018 1213 1079 1257 non
1101 1195 1238 1274 alienum,

147 1305 202 1368 sed
225 1324 339 1384 meum3
361 1325 420 1370 non
443 1307 552 1388 pluris,
576 1327 662 1388 quam
685 1309 795 1386 ceteri,
819 1308 907 1372 immo
932 1308 1018 1370 etiarn
1041 1307 1146 1372 minori
1162 1327 1238 1392 pre·

146 1420 196 1483 tio.
242 1421 318 1494 Quid
341 1422 388 1484 bic
412 1422 522 1485 fraudis
547 1429 610 1500 est,
645 1441 711 1484 oum
740 1422 820 1484 multi
848 1428 973 1503 possent
1001 1423 1177 1503 periclitari,
1212 1423 1238 1486 si

145 1553 204 1597 non
235 1535 378 1598 baberent
409 1536 488 1618 quod
518 1537 678 1600 emerent?
723 1537 799 1600 Num
825 1537 967 1600 industria
989 1536 1019 1598 in
1042 1536 1155 1600 crimen
1177 1555 1237 1599 vo-

144 1647 253 1710 catur?
298 1649 374 1710 Num
398 1648 547 1732 diligentia
573 1649 828 1730 reprehenditur?
872 1649 949 1712 Num
979 1650 1165 1731 providentia
1188 1650 1236 1711 vi-

143 1763 321 1843 tuperator?
366 1762 505 1825 Fortasse
527 1761 620 1824 dicat:
650 1761 686 1824 Et
708 1761 816 1842 Ioseph
838 1760 983 1823 frumenta
1007 1764 1036 1824 in
1059 1762 1236 1825 abundantia

143 1877 280 1960 collegit,
303 1878 332 1939 in
356 1878 479 1940 caritate
502 1876 640 1940 vendidit.
686 1876 762 1938 Num
784 1855 882 1938 carius
905 1875 1012 1956 aliquis
1035 1894 1135 1940 emere
1159 1893 1236 1938 con-

141 1991 285 2072 pellitur?
338 1991 414 2054 Num
448 1993 493 2054 vis
526 1991 682 2054 adhibetur
719 1990 870 2071 emptori?
926 1988 1068 2078 Omnibus
1101 1987 1235 2052 delentur

142 2104 258 2168 emendi
281 2106 383 2186 copia,
406 2105 477 2167 nulli
499 2106 655 2187 inrogatur
678 2104 792 2167 iniuria.

227 2215 278 2282 40.
323 2218 376 2281 His
396 2220 487 2300 igitur
509 2225 651 2299 quantum
672 2219 816 2300 cuiusque
831 2218 889 2280 lert
903 2216 1055 2300 ingenium
1071 2214 1235 2297 disputatis,

141 2330 276 2413 exsurgit
298 2331 373 2394 alius
397 2330 517 2393 dicens:
549 2329 631 2393 Runa
654 2329 772 2411 quidem
796 2329 990 2414 agricultura,
1022 2347 1098 2411 quae
1121 2328 1235 2392 fractus

143 2443 286 2506 ministrat
309 2445 466 2524 omnibus,
489 2463 567 2526 quae
589 2444 714 2526 simplici
736 2443 877 2508 industria
901 2444 1066 2507 adcumulet
1088 2451 1235 2508 terrarum

142 2554 367 2636 fecunditatem,
407 2557 477 2618 nibil
506 2556 581 2635 doli,
613 2557 683 2619 nihil
714 2555 826 2620 fraudis
853 2557 1045 2620 interserens.
1098 2558 1234 2640 Denique

141 2669 167 2732 si
190 2671 260 2753 quid
283 2672 344 2734 vitii
367 2671 473 2751 fuerit,
505 2672 570 2752 plus
594 2670 741 2753 dispendii
764 2679 826 2750 est,
858 2671 945 2752 quia,
979 2673 1004 2734 si
1026 2673 1104 2734 bene
1126 2671 1233 2752 aliquis

141 2787 341 2865 seminaverit,
361 2787 465 2849 melius
489 2793 588 2864 metet,
613 2792 643 2848 et
658 2785 683 2848 si
698 2785 847 2848 sincerum
862 2785 950 2847 tritici
966 2803 1090 2868 manum
1112 2786 1233 2863 severit,

140 2899 290 2981 puriorem
312 2916 347 2960 ao
368 2899 514 2962 sinceram
544 2916 671 2962 messem
696 2897 825 2980 colliget.
869 2897 1008 2960 Fecunda
1033 2904 1111 2961 terra
1133 2897 1233 2960 multi-

139 3009 276 3091 plicatum
306 3009 404 3072 reddit
437 3010 518 3093 quod
550 3013 716 3093 acceperit3
747 3009 841 3074 tidelis
872 3028 946 3093 ager
975 3010 1127 3076 feneratos
1156 3012 1234 3074 salet

56 3105 64 3124 “
140 3125 298 3188 restituere
320 3129 492 3206 proventus.

227 3234 277 3302 tl.
322 3237 368 3300 De
389 3235 534 3299 reditibus
559 3236 648 3320 igitur
671 3235 772 3298 uberis
797 3235 903 3318 glebae
933 3241 1110 3317 exspectare
1140 3233 1232 3299 debes

139 3353 180 3416 tui
202 3349 373 3415 mercedem
395 3349 523 3429 laboris,
554 3350 592 3412 de
615 3349 766 3413 fertilitate
787 3350 906 3432 pinguis
929 3350 986 3414 soli
1009 3351 1085 3414 iusta
1107 3366 1231 3430 sperare

139 3464 314 3547 conpendia.
361 3462 420 3526 Gur
450 3462 486 3525 ad
520 3461 653 3526 fraudem
686 3465 838 3528 convertis
871 3469 994 3526 naturae
1032 3462 1231 3526 industriam?

140 3578 200 3641 (lur
229 3577 345 3641 invides
375 3577 478 3640 usibus
508 3574 657 3639 bominum
686 3578 821 3659 publicos
852 3579 980 3659 partus?
1025 3576 1084 3640 Cur
1113 3576 1230 3658 populis

139 3691 244 3754 minuis
267 3691 496 3755 abundantiam?
534 3689 594 3754 Cur
616 3690 748 3754 adiectas
771 3690 923 3772 inopiam?
962 3690 1021 3754 Cur
1041 3691 1136 3774 optari
1157 3690 1229 3754 lacis

140 3806 358 3887 apauperibus
387 3799 595 3867 sterilitatem?
640 3802 711 3866 Cum
743 3804 821 3866 enim
843 3820 905 3866 non
926 3803 1055 3866 sentiant
1084 3801 1229 3866 beneficia

139 3917 342 3997 fecunditatis,
372 3925 401 3981 te
427 3921 613 3983 auctionante
645 3919 788 4001 pretium,
821 3924 849 3981 te
872 3917 1019 3983 condente
1051 3915 1228 3979 frumentum

139 4037 241 4116 optant
262 4033 360 4115 potius
382 4033 452 4095 nibil
474 4033 573 4113 nasci,
602 4051 689 4114 quarn
712 4039 741 4094 te
765 4030 802 4094 de
825 4031 906 4104 lame
925 4031 1041 4114 publica
1070 4031 1226 4114 negotiari.

138 4146 241 4212 Ambis
259 4145 473 4210 frumentorum
491 4146 693 4230 indigentiam,
712 4145 917 4210 alimentorum
934 4145 1097 4229 penuriam,
1116 4144 1227 4210 uberes
