2976 4706
227 301 292 368 154
670 297 695 352 a.
715 293 872 352 nurnosn

314 455 365 524 25.
408 457 516 540 Liquet
545 457 635 542 igitur
660 457 690 522 id
716 455 909 542 spectandum
932 464 963 521 et
983 458 1143 526 tenendum
1174 460 1320 539 omnibus,

228 571 307 656 quod
333 572 435 638 eadem
458 572 643 656 singulorum
665 575 704 636 sit
725 573 850 652 utititas,
874 590 951 654 quae
971 573 1009 635 sit
1026 567 1248 652 universorum,
1271 574 1321 636 ni-

226 686 326 768 hilque
348 683 533 748 iudicandum
556 685 645 764 utile,
671 686 728 748 nisi
752 683 832 766 quod
856 684 885 746 in
909 701 1065 747 commune
1087 686 1189 766 prosit.
1234 685 1322 760 Quo-

226 799 315 864 modo
349 801 427 862 enim
458 805 558 882 potest
587 800 638 864 uni
669 797 816 881 prodesse
855 797 934 879 quod
964 798 1065 862 inutile
1094 799 1133 861 sit
1163 797 1322 863 omnibus?

226 914 297 982 Mihi
326 920 408 977 carte
437 931 498 978 non
531 912 665 993 videtur,
700 914 750 995 qni
773 912 882 976 inutilis
905 919 951 976 est
973 913 1126 992 omnibus,
1160 912 1216 975 sibi
1245 911 1322 974 utilis

228 1045 296 1090 esse
327 1045 428 1109 posse.
472 1027 587 1089 Etenim
610 1027 635 1090 si
662 1045 719 1090 una
749 1027 800 1090 tax
832 1033 955 1089 naturae
987 1027 1141 1106 omnibus,
1175 1043 1234 1088 una
1263 1025 1324 1088 uti-

228 1159 287 1223 que
325 1141 432 1203 utititas
470 1142 694 1220 universorum,
731 1139 767 1202 ad
803 1139 1016 1204 consulendum
1052 1141 1154 1221 utique
1188 1139 1323 1201 omnibus

227 1263 349 1319 naturae
371 1254 442 1337 lege
468 1255 707 1338 constringimur.
753 1255 821 1318 Non
846 1262 893 1317 est
916 1273 990 1337 argo
1014 1255 1096 1332 eius,
1126 1253 1176 1334 qui
1199 1251 1324 1316 oonsul-

227 1376 288 1431 tum
312 1368 383 1431 velit
406 1368 489 1432 atteri
512 1369 675 1432 seeundum
698 1377 846 1449 naturam,
868 1385 982 1434 nouere
1005 1370 1034 1432 ei
1057 1367 1203 1434 adversus
1225 1366 1325 1448 tegern

230 1489 363 1546 naturae.

316 1591 367 1659 26.
412 1593 529 1658 Etenim
551 1593 578 1658 si
599 1594 646 1676 tri,
682 1595 732 1676 qui
764 1595 794 1657 in
825 1593 921 1660 stadio
951 1598 1091 1674 currunt,
1123 1592 1163 1659 ita
1190 1591 1327 1658 teruntur

231 1706 400 1789 praeceptis
430 1705 582 1768 informari
605 1712 694 1788 atque
721 1707 843 1785 instrui,
877 1714 910 1770 ut
931 1709 1134 1789 unusquisque
1164 1707 1326 1787 celeritate,

230 1837 290 1882 non
314 1818 419 1882 fraude
442 1817 601 1882 contendat
623 1835 789 1900 cursuque,
813 1824 953 1900 quantum
976 1826 1089 1903 potest,
1113 1820 1148 1885 ad
1172 1821 1326 1883 victoriam

229 1939 386 2018 properet3
416 1934 604 2016 supplantare
637 1942 734 1997 autern
766 1934 890 1996 atterum
919 1940 968 1998 aut
998 1953 1086 1998 manu
1116 1934 1236 1998 deicere
1265 1953 1326 1997 non

230 2051 321 2110 ausit:
353 2054 461 2130 quanto
493 2049 586 2132 magis
610 2049 638 2110 in
662 2049 719 2111 troc
742 2066 830 2112 cursu
855 2049 932 2112 vitae
955 2049 1040 2112 istius
1063 2050 1128 2111 sine
1152 2048 1256 2112 fraude
1278 2049 1326 2113 al-

232 2162 324 2228 terius
350 2167 380 2224 et
401 2163 677 2244 circumscriptione
699 2160 870 2244 quaerenda
892 2163 978 2226 nobis
1001 2164 1124 2228 victoria
1147 2162 1218 2226 est?

317 2275 368 2340 27.
414 2277 566 2350 Quaerunt
588 2276 694 2357 aliqui,
719 2276 746 2338 si
769 2277 888 2357 sapiens
907 2277 937 2338 in
958 2275 1115 2360 naufragio
1138 2277 1253 2357 positus
1276 2276 1327 2340 in·

232 2387 350 2470 sipienti
379 2386 525 2471 naufrago
559 2389 684 2452 tabutarn
721 2394 903 2469 extorquere
929 2391 1041 2470 possit,
1071 2398 1168 2470 utrum
1197 2390 1327 2454 debeat?

231 2501 302 2563 Mihi
331 2500 465 2581 quidem,
499 2503 554 2564 etsi
584 2501 793 2582 praestabilius
824 2502 972 2564 communi
1003 2501 1137 2564 videatur
1159 2502 1242 2580 usui,
1273 2519 1327 2565 sa·-

231 2616 360 2697 pientenr
383 2614 420 2677 de
443 2613 616 2698 naufragio,
646 2633 733 2694 quarn
755 2616 942 2696 insipientem
966 2615 1113 2696 evadere,
1147 2623 1327 2681 tamennon

232 2730 365 2809 videtur,
399 2728 480 2812 quod
510 2732 556 2792 vir
578 2730 758 2792 Christianus
790 2736 819 2792 et
849 2731 944 2792 iustus
975 2736 1004 2793 et
1031 2732 1150 2814 sapiens
1180 2749 1328 2812 quaerere

160 2918 163 2925 Ι
233 2845 289 2908 sibi
312 2845 401 2907 vitam
424 2844 520 2906 atiena
545 2849 639 2905 morte
661 2841 786 2922 debeat,
809 2849 911 2925 utpote
934 2844 1001 2925 qui,
1024 2847 1159 2908 etiamsi
1182 2846 1326 2908 latronem

234 2964 376 3018 armatum
399 2954 522 3036 incidat,
551 2955 706 3020 ferientem
727 2955 853 3020 referire
875 2975 936 3018 non
959 2958 1068 3039 possit,
1100 2978 1157 3040 ne,
1181 2960 1250 3023 durn
1274 2976 1327 3024 sa-

233 3072 324 3134 lutern
357 3069 506 3151 defendit,
542 3070 680 3152 pietatem
713 3073 900 3136 contaminet.
953 3072 999 3135 De
1028 3091 1088 3155 quo
1119 3075 1150 3137 in
1180 3075 1327 3158 evangelii

234 3183 317 3247 libris
350 3190 450 3267 aperta
480 3191 510 3247 et
534 3185 657 3249 evidens
690 3188 837 3258 sententia
872 3191 932 3248 eat:
953 3184 981 3272 ¹]
1014 3189 1157 3252 Reconde
1187 3189 1328 3270 pladium

235 3306 334 3375 tuum
365 3299 465 3362 omnis
488 3302 583 3380 enim,
609 3303 662 3383 qut
683 3303 792 3384 plodio
808 3305 1021 3384 percusserit,
1052 3307 1162 3387 plodio
1184 3307 1333 3387 ferietur(

234 3417 307 3492 Quis
338 3417 413 3482 latro
444 3415 661 3496 detestabilior,
695 3436 782 3499 quarn
813 3425 1006 3500 persecutor,
1040 3421 1090 3502 qni
1121 3426 1262 3501 venerat,
1295 3427 1327 3483 ut

235 3531 381 3595 Christum
405 3530 579 3594 occideret?
624 3528 682 3595 Sed
706 3531 800 3593 noluit
814 3548 848 3594 se
865 3529 998 3596 Christus
1020 3539 1246 3614 persecutorum
1269 3534 1326 3598 de·-

235 3643 317 3708 tandi
340 3645 479 3726 vulnere,
503 3647 553 3727 qui
574 3645 669 3710 votuit
691 3662 747 3708 suo
770 3646 895 3711 vulnere
918 3665 1022 3710 omnes
1045 3665 1161 3712 sunare.
1350 3640 1355 3651 “

322 3758 372 3824 28.
417 3761 477 3823 Cur
505 3761 584 3824 enirn
606 3766 635 3822 te
655 3761 804 3842 potiorem
833 3761 927 3827 attero
958 3761 1089 3857 indices,
1121 3779 1187 3825 eum
1209 3763 1265 3825 viri
1288 3762 1326 3827 sit

236 3873 392 3937 Christiani
421 3873 576 3955 praeferre
597 3875 653 3938 sibi
676 3877 814 3955 atterum,
844 3875 915 3939 nihil
945 3876 1001 3939 sibi
1024 3894 1183 3960 arrogare,
1215 3877 1326 3941 nutturn

238 4029 441 4039 ———-—.—...

306 4115 334 4182 1)
353 4114 436 4171 uana
457 4113 501 4184 aa,
519 4114 561 4169 52.
