2976 4706
421 354 468 407 DE
487 351 626 408 omens
645 352 865 408 nnttsnnonun
885 351 982 408 tmen
999 353 1030 408 n
1210 355 1274 423 125

172 511 210 577 da
234 513 358 578 scientia
381 512 420 576 ita
444 513 519 576 dixit
548 513 683 578 dominus
714 513 814 578 iesus:
833 510 863 597 ¹)
894 513 982 576 dioec
1011 523 1057 578 cst
1086 525 1186 579 eutem
1208 517 1276 581 citu

172 636 320 704 aeterua,
350 636 387 689 ut
409 635 603 708 cophoscaut
625 637 654 691 te
677 628 777 690 sotum
804 647 911 690 oerum
939 629 1029 692 deum
1051 637 1081 690 et
1103 649 1194 710 quem
1214 631 1274 692 mi-

170 742 243 805 sisti
258 741 359 804 Iesum
378 741 543 805 Christum.
582 743 618 808 Et
635 742 672 805 de
688 743 831 823 operibus
849 744 888 806 ita
907 743 1079 824 respondit:
1097 740 1130 826 ²)
1156 744 1274 822 Omnis,

171 856 225 936 qui
248 856 413 934 reliquerit
435 856 557 919 domum
573 858 623 918 oet
635 856 755 934 fratres
780 866 835 920 aut
855 876 983 921 sorores
1007 867 1063 920 cut
1081 866 1205 936 patrem
1221 865 1277 920 aut

170 975 297 1030 mairem
313 975 368 1030 out
380 967 464 1047 fitius
484 977 540 1030 cut
560 988 653 1050 apros
672 977 806 1049 propter
828 989 936 1032 nomeu
958 990 1073 1048 meum,
1099 971 1276 1050 centuplum

171 1081 307 1160 accipiet
329 1087 359 1142 et
378 1079 475 1143 oitom
498 1088 658 1142 aetermam
675 1080 857 1161 possidebit.

261 1186 289 1252 6.
334 1189 393 1254 Sed
417 1207 456 1253 ne
478 1193 650 1255 aestimetur
672 1191 729 1259 hoc
752 1211 860 1256 recens
882 1211 951 1256 esse
969 1199 1000 1256 et
1015 1195 1097 1276 prius
1120 1201 1276 1259 tractatum

4 1371 7 1396 ι
115 1330 117 1335 ·
172 1302 401 1384 aphitosophis,
425 1304 559 1383 quanin
582 1304 741 1386 evangelio
758 1304 960 1384 praedicatum
983 1302 1172 1388 (anteriores
1196 1307 1275 1369 eninr

172 1415 331 1497 evangelio
360 1414 542 1496 philosophi,
573 1415 600 1477 id
632 1423 694 1495 est,
726 1417 904 1480 Aristoteles
929 1425 959 1480 et
981 1419 1204 1500 Theophrastus
1227 1419 1277 1483 vel

171 1528 274 1591 Zenon
290 1536 380 1609 atque
397 1528 614 1609 Hieronymus,
638 1525 692 1588 sed
713 1529 899 1608 posteriores
923 1529 1098 1614 prophetis)
1121 1532 1277 1613 accipiant,

173 1655 261 1719 quam
284 1638 376 1719 longe
397 1645 556 1718 antequam
580 1637 824 1719 pbilosophorum
847 1658 955 1702 nomen
978 1641 1141 1723 audiretur,
1164 1663 1220 1726 per
1242 1661 1277 1707 os

171 1753 265 1814 sancti
288 1751 384 1814 David
413 1757 571 1829 utrumque
602 1755 705 1831 aperte
737 1751 870 1814 videatur
897 1771 1083 1834 expressum.
1131 1754 1277 1836 Scriptum
1365 1765 1367 1770 ’

172 1870 219 1928 est
242 1863 335 1925 enirn:
353 1860 386 1946 ³)
408 1861 546 1939 Beatus,
570 1881 658 1942 quem
681 1873 713 1927 tu
737 1866 912 1942 erudieris,
936 1867 1077 1941 domiue,·
1100 1877 1129 1929 et
1151 1867 1189 1931 ds
1212 1869 1276 1950 depe

172 1985 227 2041 tuo
261 1976 409 2039 docueris
439 1995 514 2037 eum.
560 1976 709 2039 Habemus
744 1984 773 2039 et
802 1978 887 2040 alibi:
904 1973 937 2061 ⁴)
971 1979 1089 2043 Beatus
1120 1980 1187 2058 cir,
1223 1982 1277 2063 qui

172 2093 257 2155 timet
284 2091 458 2166 domiuum,
492 2091 525 2150 io
552 2090 712 2152 mandatis
741 2091 808 2153 eius
838 2091 941 2169 cupiet
966 2092 1067 2154 mimis.
1114 2094 1276 2158 ltocuimus

172 2205 210 2269 de
234 2201 424 2286 cognitione,
457 2204 542 2266 cuius
566 2204 728 2284 praemium
755 2203 935 2265 aeternitatis
968 2204 1095 2268 fructum
1118 2222 1187 2269 esse
1210 2225 1277 2270 me-

173 2319 315 2396 moravit,
348 2317 480 2380 adiciens
503 2317 663 2398 propbeta,
695 2317 763 2397 quia
787 2317 816 2379 in
840 2318 928 2380 donro
951 2318 1040 2382 huius
1064 2319 1191 2382 timentis
1217 2319 1278 2386 do-

172 2433 301 2510 minum,
324 2431 373 2493 vel
398 2431 504 2495 eruditi
528 2431 557 2492 in
580 2431 649 2512 lege
671 2436 700 2492 et
721 2431 866 2511 cupientis
889 2432 920 2493 in
941 2421 1096 2496 mandatis
1110 2431 1278 2518 divinis:⁵)

176 2545 286 2608 Gloria
308 2555 338 2607 et
361 2545 492 2608 diuitiae
517 2545 550 2606 iu
582 2545 672 2606 domo
701 2545 767 2607 eius
799 2554 829 2606 et
858 2546 983 2608 iustitio
1012 2547 1080 2609 eius
1111 2556 1215 2610 mouet
1245 2549 1278 2609 io

152 2660 332 2752 *soeculum
365 2660 495 2722 scoeuh'.
549 2658 593 2720 De
628 2658 769 2740 operibus
804 2677 925 2740 quoque
959 2662 988 2723 in
1023 2661 1130 2725 eodem
1164 2662 1278 2744 psalmo

173 2773 328 2836 subiunxit
351 2775 429 2836 vitae
454 2781 595 2834 aeternae
618 2779 781 2854 suppetere
806 2775 968 2854 praemium
991 2774 1057 2837 viro
1080 2775 1168 2838 iusto.
1213 2775 1279 2837 De-

173 2889 264 2969 nique
280 2890 337 2951 ait:
351 2885 384 2971 ⁶)
407 2887 526 2950 Beatus
541 2888 602 2966 cir,
626 2889 680 2967 qui
699 2887 864 2950 miseretur
880 2897 910 2950 et
926 2889 1109 2966 commodat,
1133 2889 1280 2969 disponet

173 3021 333 3065 sermomes
357 3021 433 3064 suos
456 3003 490 3064 iu
513 3003 655 3079 iudicio,
681 3003 757 3082 puio
780 3004 814 3064 io
835 3004 993 3066 soeculum
1015 3023 1079 3066 mom
1106 3023 1278 3067 commove·
1375 3038 1381 3049 =

175 3116 266 3179 bitur.
306 3117 344 3178 Io
361 3116 511 3179 memorio
530 3124 658 3178 aeterua
677 3117 738 3178 erit
754 3118 864 3178 iustas.
902 3116 939 3178 Et
953 3117 1043 3179 inira:
1057 3110 1088 3200 ⁷)
1111 3117 1278 3197 Dispersit,

175 3230 265 3292 dedit
284 3227 495 3309 pauperibus,
521 3228 644 3290 iustitio
667 3230 734 3290 eius
757 3237 862 3290 mouet
883 3229 917 3289 io
939 3238 1105 3292 aeteruum.

265 3339 293 3403 7.
339 3340 435 3402 Habet
458 3357 534 3422 ergo
558 3341 646 3402 vitam
670 3346 822 3402 aeternam
844 3339 937 3418 tides,
965 3341 1033 3420 quia
1058 3339 1279 3403 fundamentum

176 3460 224 3516 est
247 3455 375 3530 bonum;
408 3453 517 3515 habent
540 3459 570 3516 et
592 3453 671 3516 bona
695 3452 788 3534 iacta,
811 3454 880 3534 quia
903 3453 950 3514 vir
973 3453 1065 3515 iustus
1089 3458 1119 3515 et
1141 3451 1226 3515 dictis
1250 3460 1280 3515 et

175 3567 270 3630 rebus
292 3569 447 3651 probatur.
492 3567 568 3629 Nam
591 3569 617 3630 si
640 3568 820 3631 exercitatus
844 3567 881 3630 sit
904 3567 934 3629 in
956 3565 1145 3629 sermonibus
1169 3571 1199 3628 et
1221 3564 1278 3628 de-

177 3679 307 3744 sidiosus
330 3681 361 3744 in
385 3681 545 3764 operibus,
573 3683 758 3762 prudentiam
782 3700 865 3745 suanr
888 3681 974 3744 iactis
996 3679 1122 3760 refellit,
1152 3687 1182 3743 et
1204 3698 1278 3763 gra-

64 3789 68 3792 ’
177 3795 244 3858 vius
267 3802 312 3858 est
334 3797 414 3859 scire
437 3795 508 3877 quid
532 3795 634 3878 iacias,
659 3817 715 3861 nec
732 3797 842 3862 iecisse
866 3796 946 3878 quod
969 3794 1137 3860 iaciendum
1160 3812 1279 3880 cogno·

249 4067 278 4137 1)
296 4067 382 4121 Ioann.
404 4068 446 4134 17,
465 4068 489 4122 3.
551 4069 579 4135 2)
600 4068 684 4121 narrt.
701 4068 744 4134 19,
758 4069 800 4120 29.
862 4069 894 4138 ³)
911 4068 1001 4122 Paaim.
1016 4070 1058 4137 93,
1074 4071 1114 4124 12.
1168 4070 1198 4142 1)
1216 4071 1278 4125 lbid.

179 4153 283 4220 111,1.
356 4155 386 4222 5)
405 4155 469 4212 tbti.
489 4172 513 4210 v.
533 4156 557 4209 3.
629 4156 660 4227 6)
678 4155 742 4209 [bid.
762 4171 785 4210 v.
804 4156 820 4207 5
839 4171 893 4227 seq.
965 4155 1165 4228 cplitana.
