2976 4702
228 363 292 428 222
673 363 698 416 S.
718 361 873 418 Autuostt

228 521 401 597 tumeliosa;
429 523 604 585 sicutenim
628 523 805 586 adulationis
828 523 958 606 fugitans
982 526 1106 590 amicitia
1130 525 1219 588 debet
1241 543 1320 606 esse,

227 636 265 697 ita
289 636 375 698 etiam
400 635 495 698 aliena
518 637 703 700 insolentiae.
748 638 824 712 Quid
845 645 891 702 est
911 641 988 702 enim
1011 642 1138 720 amicus,
1161 639 1218 703 uisi
1241 659 1319 705 non·

226 765 294 810 sors
319 749 442 826 amoris,
477 747 512 810 ad
537 767 624 830 quem
648 751 773 813 animum
797 756 877 813 tunm
900 751 1044 835 adiungas
1077 760 1164 836 atque
1186 756 1320 837 adplices

227 867 257 923 et
289 863 326 924 ita
357 864 498 941 misceas,
532 871 564 926 ut
585 883 675 927 unum
699 865 773 927 velis
796 865 861 928 lieri
884 885 924 928 ox
946 867 1078 948 duobus,
1113 870 1160 932 cui
1183 878 1212 932 te
1235 871 1319 932 alteri

226 979 277 1040 tihi
307 979 486 1058 committas,
522 997 620 1061 aquo
652 981 722 1042 nihil
752 982 873 1061 timeas,
908 983 978 1044 nihil
1009 985 1073 1064 ipse
1102 983 1248 1046 commodi
1278 986 1319 1047 tui

226 1109 314 1156 causa
345 1092 532 1156 inhonestum
564 1095 674 1178 petas?
718 1095 785 1157 Non
817 1097 893 1158 enim
923 1097 1079 1180 vectigalis
1110 1099 1236 1160 amicitia
1263 1103 1317 1178 est,

225 1206 280 1268 sed
310 1207 396 1289 plena
425 1208 563 1287 decoris,
594 1209 681 1290 plena
709 1211 831 1291 gratiae.
877 1212 977 1274 Virtus
1001 1219 1047 1274 est
1078 1213 1154 1276 onim
1184 1213 1317 1290 amicitia,

226 1337 287 1382 non
311 1328 470 1402 quaestus,
495 1323 561 1403 quia
587 1340 647 1385 non
665 1325 789 1404 pecunia
812 1326 938 1405 paritur,
962 1325 1016 1387 sed
1039 1326 1149 1408 gratim
1171 1343 1229 1388 nee
1250 1325 1318 1387 liei-

225 1436 337 1497 totione
360 1437 540 1517 pretiorum,
563 1436 617 1498 sed
640 1440 863 1504 concertatione
885 1439 1114 1502 benivolentiae.

316 1546 385 1612 135.
432 1549 566 1632 Denique
590 1553 730 1615 meliores
754 1552 896 1616 amicitiae
912 1560 980 1618 sunt
995 1556 1115 1635 inopum
1134 1552 1317 1633 plerumque,

225 1681 311 1744 quam
334 1662 470 1742 divitum,
502 1673 532 1728 et
553 1666 727 1748 frequenter
753 1667 859 1730 divites
882 1669 946 1732 sine
969 1668 1070 1730 amieis
1093 1673 1178 1744 sunt,
1212 1666 1317 1746 quium

224 1776 372 1840 abundant
394 1795 550 1860 pauperes.
588 1779 656 1842 Non
672 1786 719 1843 est
734 1782 811 1844 enim
831 1799 903 1843 vem
927 1781 1067 1858 amicitia,
1090 1779 1140 1842 ubi
1162 1783 1208 1840 est
1229 1777 1318 1840 lallax

223 1890 360 1954 adulatio.
405 1891 551 1954 Divitibus
575 1893 674 1975 itaque
702 1894 837 1975 plerique
867 1892 1068 1957 adsentatorie
1098 1892 1316 1975 gratificantur:

224 2021 296 2088 erga
319 2023 480 2086 pauperem
502 2023 590 2068 nemo
617 2006 770 2075 simulator
793 2013 845 2069 est.
891 2007 1001 2069 Vemm
1024 2012 1071 2070 est
1093 2003 1235 2086 quidquid
1259 2004 1317 2068 de-

223 2116 317 2180 fertur
339 2119 462 2199 pauperi
469 2138 479 2194 3
502 2119 589 2181 huius
611 2120 736 2182 amioitia
759 2118 868 2182 invidie
889 2125 983 2182 vacat.

314 2229 384 2295 136.
430 2230 507 2306 Ouid
529 2232 653 2293 amicitia
682 2231 862 2312 pretiosius,
898 2249 974 2311 quae
1005 2229 1121 2312 angelis
1153 2229 1316 2292 eommunis

224 2351 253 2406 et
275 2344 441 2408 hominibus
466 2347 534 2411 est?
571 2345 654 2408 Unde
678 2345 813 2408 dominus
836 2346 919 2409 lesus
944 2344 1029 2407 dicit:
1050 2341 1079 2426 ¹)
1102 2343 1208 2406 Facite
1227 2343 1329 2423 oolia-

224 2461 341 2522 omieos
363 2459 402 2521 de
425 2460 533 2539 iniquo
561 2479 756 2536 montmouu,
790 2461 844 2539 put
872 2459 1031 2538 recipiunt
1051 2477 1109 2522 uos
1131 2459 1165 2518 in
1187 2465 1316 2518 aeterno

223 2570 426 2633 tabernacula
457 2589 525 2633 suu.
570 2571 637 2652 lpse
667 2589 724 2634 nos
754 2571 828 2634 deus
861 2573 972 2634 amieos
1006 2590 1045 2632 ex
1076 2571 1203 2634 servulis
1236 2570 1314 2648 lauit,

223 2685 299 2747 sieut
321 2685 385 2765 ipse
408 2684 461 2746 ait:
479 2681 512 2767 ²)
546 2685 612 2747 lom
633 2705 691 2748 eos
714 2687 807 2748 amici
827 2689 887 2749 mei
909 2689 1000 2763 estis,
1024 2687 1053 2748 si
1072 2684 1213 2763 feceritis
1235 2703 1315 2764 quoe

223 2818 279 2880 epo
299 2793 463 2879 praecipio
485 2799 584 2862 uobis.
629 2799 715 2862 Dedit
741 2801 864 2864 lormum
894 2800 1054 2878 amicitiae,
1085 2817 1171 2880 quum
1201 2816 1314 2880 sequa-

222 2930 296 2990 mur,
321 2917 351 2973 ut
366 2911 506 2974 iaciamus
525 2913 610 2975 amici
630 2913 820 2993 voluntatem,
844 2915 1057 2996 utaperiamus
1080 2917 1196 2974 secreta
1212 2916 1314 2974 nostra

223 3024 336 3102 emico,
363 3041 568 3105 quaecumque
590 3026 620 3086 in
642 3032 765 3106 pectore
788 3025 945 3105 habemus,
970 3033 1000 3087 et
1021 3024 1100 3088 illius
1122 3042 1231 3087 aroana
1252 3041 1313 3086 non

221 3137 402 3220 ignoremus.
447 3136 644 3200 Ostendemus
667 3138 785 3202 illinus
808 3144 912 3220 peetus
934 3145 1085 3216 nostrum,
1109 3142 1139 3200 et
1159 3137 1207 3199 ille
1226 3137 1312 3198 nobis

222 3251 335 3332 aperiat
349 3269 443 3314 suum.
488 3251 580 3329 ldeo,
604 3253 712 3333 inquit,
729 3247 761 3334 ³)
783 3270 839 3314 ooo
855 3253 927 3313 diet
942 3251 1074 3327 amieos,
1098 3251 1174 3330 quia
1196 3249 1311 3325 mutin,

220 3383 429 3446 quoecumque
463 3367 573 3433 audiui
602 3386 623 3428 a
651 3374 741 3446 putre
772 3385 858 3444 meo,
892 3375 967 3428 noto
994 3365 1059 3444 [eoi
1090 3364 1189 3427 uobis.
1234 3361 1311 3426 Nihil

221 3497 297 3562 ergo
327 3481 456 3544 occultat
476 3478 615 3559 amieos,
649 3480 674 3541 si
696 3497 787 3542 verus
810 3486 855 3542 est
863 3500 872 3557 3
906 3480 1029 3543 ellundit
1058 3479 1184 3542 animum
1213 3493 1310 3556 suum,

221 3593 298 3656 sicut
319 3593 488 3656 effundebat
509 3592 650 3674 mysteria
672 3592 764 3673 patris
787 3591 922 3655 dominus
945 3593 1036 3656 lesus.

310 3702 380 3769 137.
424 3704 506 3786 Ergo
539 3704 588 3783 qui
619 3703 688 3766 lacit
716 3702 848 3766 mandata
879 3703 945 3783 dei,
980 3703 1089 3766 amicus
1119 3707 1165 3764 est
1193 3707 1223 3764 et
1252 3700 1310 3762 hoe

221 3818 387 3882 honoratur
408 3818 537 3880 nomine.
582 3817 638 3893 Qui
662 3823 707 3881 est
729 3817 889 3895 unanimis,
918 3818 982 3899 ipse
1004 3820 1115 3879 amicus
1138 3822 1201 3894 est,
1230 3811 1310 3894 quod

221 3932 317 3994 unitas
340 3931 504 3995 animorum
525 3931 555 3991 io
578 3931 679 3994 amieis
702 3933 739 3995 sit
745 3950 756 4007 3
787 3949 886 4012 neque
915 3933 1070 4012 quisquam
1098 3929 1309 4007 detestabilior,

292 4180 320 4247 t)
338 4177 400 4234 ιιι.
415 4178 457 4247 ιι,
472 4177 500 4231 o.
570 4178 599 4245 n)
617 4177 703 4237 tonna
723 4179 765 4247 ιι,
785 4179 826 4238 ιι.
897 4180 927 4252 ι)
944 4179 1006 4234 ura
1026 4180 1069 4249 m,
1088 4179 1130 4234 ιι.
