<?xml version="1.0" encoding="UTF-8"?>
<!DOCTYPE html PUBLIC "-//W3C//DTD XHTML 1.0 Transitional//EN"
    "http://www.w3.org/TR/xhtml1/DTD/xhtml1-transitional.dtd">
<html xmlns="http://www.w3.org/1999/xhtml" xml:lang="en" lang="en">
 <head>
  <title>
</title>
<meta http-equiv="Content-Type" content="text/html;charset=utf-8" />
  <meta name='ocr-system' content='tesseract 3.04.00' />
  <meta name='ocr-capabilities' content='ocr_page ocr_carea ocr_par ocr_line ocrx_word'/>
</head>
<body>
  <div class='ocr_page' id='page_1' title='image "./deofficiisminis01krabgoog_0225.png"; bbox 0 0 2966 4708; ppageno 0'>
   <div class='ocr_carea' id='block_1_1' title="bbox 242 317 879 396">
    <p class='ocr_par' dir='ltr' id='par_1_1' title="bbox 242 317 879 396">
     <span class='ocr_line' id='line_1_1' title="bbox 242 317 879 396; baseline -0.035 0"><span class='ocrx_word' id='word_1_1' title='bbox 242 330 306 396; x_wconf 79' lang='lat'>216</span> <span class='ocrx_word' id='word_1_2' title='bbox 680 321 705 376; x_wconf 86' lang='lat' dir='ltr'>s.</span> <span class='ocrx_word' id='word_1_3' title='bbox 724 317 879 376; x_wconf 78' lang='lat' dir='ltr'>auanosn</span> 
     </span>
    </p>
   </div>
   <div class='ocr_carea' id='block_1_2' title="bbox 240 480 1336 2276">
    <p class='ocr_par' dir='ltr' id='par_1_2' title="bbox 240 480 1336 1252">
     <span class='ocr_line' id='line_1_2' title="bbox 241 480 1334 561; baseline -0.007 -10"><span class='ocrx_word' id='word_1_4' title='bbox 241 495 300 552; x_wconf 85' lang='lat' dir='ltr'>tam</span> <span class='ocrx_word' id='word_1_5' title='bbox 329 487 465 550; x_wconf 78' lang='lat' dir='ltr'><strong>acerbam</strong></span> <span class='ocrx_word' id='word_1_6' title='bbox 495 486 525 548; x_wconf 92' lang='lat' dir='ltr'>in</span> <span class='ocrx_word' id='word_1_7' title='bbox 556 483 663 548; x_wconf 81' lang='lat' dir='ltr'>iratres</span> <span class='ocrx_word' id='word_1_8' title='bbox 690 482 828 548; x_wconf 88' lang='lat' dir='ltr'>tulissent</span> <span class='ocrx_word' id='word_1_9' title='bbox 855 483 1047 561; x_wconf 87' lang='lat' dir='ltr'>sententiam,</span> <span class='ocrx_word' id='word_1_10' title='bbox 1076 482 1116 544; x_wconf 85' lang='lat' dir='ltr'>ita</span> <span class='ocrx_word' id='word_1_11' title='bbox 1144 480 1334 545; x_wconf 87' lang='lat' dir='ltr'>severitatem</span> 
     </span>
     <span class='ocr_line' id='line_1_3' title="bbox 242 595 1333 680; baseline -0.005 -20"><span class='ocrx_word' id='word_1_12' title='bbox 242 599 305 661; x_wconf 90' lang='lat' dir='ltr'>eius</span> <span class='ocrx_word' id='word_1_13' title='bbox 328 601 585 680; x_wconf 78' lang='lat' dir='ltr'>temperaverunt,</span> <span class='ocrx_word' id='word_1_14' title='bbox 616 602 648 659; x_wconf 93' lang='lat' dir='ltr'>ut</span> <span class='ocrx_word' id='word_1_15' title='bbox 678 596 796 657; x_wconf 90' lang='lat' dir='ltr'>orbatas</span> <span class='ocrx_word' id='word_1_16' title='bbox 827 595 999 677; x_wconf 90' lang='lat' dir='ltr'>parentibus</span> <span class='ocrx_word' id='word_1_17' title='bbox 1029 595 1163 678; x_wconf 79' lang='lat' dir='ltr'>virgines</span> <span class='ocrx_word' id='word_1_18' title='bbox 1194 595 1222 656; x_wconf 91' lang='lat' dir='ltr'>in</span> <span class='ocrx_word' id='word_1_19' title='bbox 1255 611 1333 656; x_wconf 90' lang='lat' dir='ltr'>con-</span> 
     </span>
     <span class='ocr_line' id='line_1_4' title="bbox 240 707 1334 796; baseline -0.007 -20"><span class='ocrx_word' id='word_1_20' title='bbox 240 714 351 796; x_wconf 86' lang='lat' dir='ltr'>iugium</span> <span class='ocrx_word' id='word_1_21' title='bbox 375 713 431 776; x_wconf 89' lang='lat' dir='ltr'>sibi</span> <span class='ocrx_word' id='word_1_22' title='bbox 454 710 674 789; x_wconf 76' lang='lat' dir='ltr'>adsciscerent,</span> <span class='ocrx_word' id='word_1_23' title='bbox 707 728 832 791; x_wconf 90' lang='lat' dir='ltr'>quorum</span> <span class='ocrx_word' id='word_1_24' title='bbox 854 717 954 792; x_wconf 90' lang='lat' dir='ltr'>patres</span> <span class='ocrx_word' id='word_1_25' title='bbox 977 727 1032 792; x_wconf 92' lang='lat' dir='ltr'>pro</span> <span class='ocrx_word' id='word_1_26' title='bbox 1057 709 1164 772; x_wconf 89' lang='lat' dir='ltr'>delicto</span> <span class='ocrx_word' id='word_1_27' title='bbox 1187 707 1334 791; x_wconf 84' lang='lat' dir='ltr'>perempti</span> 
     </span>
     <span class='ocr_line' id='line_1_5' title="bbox 242 823 1335 905; baseline -0.005 -15"><span class='ocrx_word' id='word_1_28' title='bbox 242 826 349 904; x_wconf 88' lang='lat' dir='ltr'>forent,</span> <span class='ocrx_word' id='word_1_29' title='bbox 371 826 421 888; x_wconf 90' lang='lat' dir='ltr'>vel</span> <span class='ocrx_word' id='word_1_30' title='bbox 443 832 527 905; x_wconf 90' lang='lat' dir='ltr'>rapto</span> <span class='ocrx_word' id='word_1_31' title='bbox 551 824 685 905; x_wconf 89' lang='lat' dir='ltr'>copulam</span> <span class='ocrx_word' id='word_1_32' title='bbox 709 823 868 903; x_wconf 87' lang='lat' dir='ltr'>sociarent,</span> <span class='ocrx_word' id='word_1_33' title='bbox 892 824 960 905; x_wconf 91' lang='lat' dir='ltr'>quia</span> <span class='ocrx_word' id='word_1_34' title='bbox 981 841 1037 905; x_wconf 91' lang='lat' dir='ltr'>pro</span> <span class='ocrx_word' id='word_1_35' title='bbox 1061 827 1118 884; x_wconf 79' lang='lat' dir='ltr'>tant</span> <span class='ocrx_word' id='word_1_36' title='bbox 1139 824 1233 904; x_wconf 86' lang='lat' dir='ltr'>turpis</span> <span class='ocrx_word' id='word_1_37' title='bbox 1248 841 1335 884; x_wconf 89' lang='lat' dir='ltr'>eom-</span> 
     </span>
     <span class='ocr_line' id='line_1_6' title="bbox 241 935 1334 1019; baseline -0.005 -15"><span class='ocrx_word' id='word_1_38' title='bbox 241 941 322 1004; x_wconf 91' lang='lat' dir='ltr'>missi</span> <span class='ocrx_word' id='word_1_39' title='bbox 346 938 496 1018; x_wconf 86' lang='lat' dir='ltr'>facinore,</span> <span class='ocrx_word' id='word_1_40' title='bbox 519 939 568 1019; x_wconf 91' lang='lat' dir='ltr'>qui</span> <span class='ocrx_word' id='word_1_41' title='bbox 592 938 681 1000; x_wconf 87' lang='lat' dir='ltr'>alieni</span> <span class='ocrx_word' id='word_1_42' title='bbox 706 939 879 1002; x_wconf 80' lang='lat' dir='ltr'>matrimonii</span> <span class='ocrx_word' id='word_1_43' title='bbox 902 937 947 1000; x_wconf 91' lang='lat' dir='ltr'>ius</span> <span class='ocrx_word' id='word_1_44' title='bbox 971 935 1171 1015; x_wconf 83' lang='lat' dir='ltr'>violaverant,</span> <span class='ocrx_word' id='word_1_45' title='bbox 1195 936 1334 1018; x_wconf 81' lang='lat' dir='ltr'>indignos</span> 
     </span>
     <span class='ocr_line' id='line_1_7' title="bbox 240 1050 1336 1135; baseline -0.005 -17"><span class='ocrx_word' id='word_1_46' title='bbox 240 1072 275 1118; x_wconf 91' lang='lat' dir='ltr'>se</span> <span class='ocrx_word' id='word_1_47' title='bbox 308 1052 482 1135; x_wconf 88' lang='lat' dir='ltr'>inpetrando</span> <span class='ocrx_word' id='word_1_48' title='bbox 518 1052 682 1115; x_wconf 82' lang='lat' dir='ltr'>exhibuere</span> <span class='ocrx_word' id='word_1_49' title='bbox 715 1053 908 1116; x_wconf 90' lang='lat' dir='ltr'>matrimonio.</span> <span class='ocrx_word' id='word_1_50' title='bbox 965 1050 1024 1114; x_wconf 87' lang='lat' dir='ltr'>Sed</span> <span class='ocrx_word' id='word_1_51' title='bbox 1058 1069 1097 1114; x_wconf 93' lang='lat' dir='ltr'>ue</span> <span class='ocrx_word' id='word_1_52' title='bbox 1131 1051 1245 1133; x_wconf 89' lang='lat' dir='ltr'>periret</span> <span class='ocrx_word' id='word_1_53' title='bbox 1276 1067 1336 1112; x_wconf 92' lang='lat' dir='ltr'>uua</span> 
     </span>
     <span class='ocr_line' id='line_1_8' title="bbox 241 1166 1018 1252; baseline -0.009 -20"><span class='ocrx_word' id='word_1_54' title='bbox 241 1169 352 1252; x_wconf 92' lang='lat' dir='ltr'>populo</span> <span class='ocrx_word' id='word_1_55' title='bbox 377 1169 479 1243; x_wconf 88' lang='lat' dir='ltr'>tribus,</span> <span class='ocrx_word' id='word_1_56' title='bbox 503 1166 615 1230; x_wconf 84' lang='lat' dir='ltr'>lraudis</span> <span class='ocrx_word' id='word_1_57' title='bbox 638 1166 750 1230; x_wconf 91' lang='lat' dir='ltr'>indulta</span> <span class='ocrx_word' id='word_1_58' title='bbox 773 1173 818 1230; x_wconf 91' lang='lat' dir='ltr'>est</span> <span class='ocrx_word' id='word_1_59' title='bbox 841 1167 1018 1229; x_wconf 86' lang='lat' dir='ltr'>coniventia.</span> 
     </span>
    </p>

    <p class='ocr_par' dir='ltr' id='par_1_3' title="bbox 242 1275 1336 2276">
     <span class='ocr_line' id='line_1_9' title="bbox 331 1275 1335 1362; baseline -0.003 -20"><span class='ocrx_word' id='word_1_60' title='bbox 331 1275 401 1342; x_wconf 79' lang='grc'>117.</span> <span class='ocrx_word' id='word_1_61' title='bbox 440 1279 554 1352; x_wconf 82' lang='lat' dir='ltr'>Quanta</span> <span class='ocrx_word' id='word_1_62' title='bbox 577 1279 666 1362; x_wconf 77' lang='lat' dir='ltr'>igitur</span> <span class='ocrx_word' id='word_1_63' title='bbox 689 1279 853 1342; x_wconf 89' lang='lat' dir='ltr'>honestatis</span> <span class='ocrx_word' id='word_1_64' title='bbox 876 1297 945 1342; x_wconf 87' lang='lat' dir='ltr'>cura</span> <span class='ocrx_word' id='word_1_65' title='bbox 968 1275 1127 1340; x_wconf 88' lang='lat' dir='ltr'>maioribus</span> <span class='ocrx_word' id='word_1_66' title='bbox 1147 1277 1245 1357; x_wconf 82' lang='lat' dir='ltr'>luerit,</span> <span class='ocrx_word' id='word_1_67' title='bbox 1267 1277 1335 1340; x_wconf 91' lang='lat' dir='ltr'>hinc</span> 
     </span>
     <span class='ocr_line' id='line_1_10' title="bbox 242 1390 1336 1477; baseline -0.005 -19"><span class='ocrx_word' id='word_1_68' title='bbox 242 1395 396 1477; x_wconf 91' lang='lat' dir='ltr'>proditur,</span> <span class='ocrx_word' id='word_1_69' title='bbox 431 1400 463 1456; x_wconf 87' lang='lat' dir='ltr'>ut</span> <span class='ocrx_word' id='word_1_70' title='bbox 495 1390 688 1475; x_wconf 81' lang='lat' dir='ltr'>quadraginta</span> <span class='ocrx_word' id='word_1_71' title='bbox 718 1393 797 1455; x_wconf 86' lang='lat' dir='ltr'>milia</span> <span class='ocrx_word' id='word_1_72' title='bbox 826 1393 958 1455; x_wconf 92' lang='lat' dir='ltr'>virorum</span> <span class='ocrx_word' id='word_1_73' title='bbox 993 1392 1176 1474; x_wconf 85' lang='lat' dir='ltr'>stringerent</span> <span class='ocrx_word' id='word_1_74' title='bbox 1205 1391 1336 1472; x_wconf 79' lang='lat' dir='ltr'>gladium</span> 
     </span>
     <span class='ocr_line' id='line_1_11' title="bbox 242 1503 1335 1584; baseline -0.006 -11"><span class='ocrx_word' id='word_1_75' title='bbox 242 1508 387 1573; x_wconf 89' lang='lat' dir='ltr'>adversus</span> <span class='ocrx_word' id='word_1_76' title='bbox 412 1506 519 1570; x_wconf 87' lang='lat' dir='ltr'>iratres</span> <span class='ocrx_word' id='word_1_77' title='bbox 543 1524 614 1570; x_wconf 91' lang='lat' dir='ltr'>suos</span> <span class='ocrx_word' id='word_1_78' title='bbox 639 1506 675 1569; x_wconf 90' lang='lat' dir='ltr'>de</span> <span class='ocrx_word' id='word_1_79' title='bbox 699 1509 776 1570; x_wconf 86' lang='lat' dir='ltr'>trihu</span> <span class='ocrx_word' id='word_1_80' title='bbox 797 1507 966 1584; x_wconf 88' lang='lat' dir='ltr'>Beniamin,</span> <span class='ocrx_word' id='word_1_81' title='bbox 1002 1504 1070 1570; x_wconf 90' lang='lat' dir='ltr'>dum</span> <span class='ocrx_word' id='word_1_82' title='bbox 1098 1505 1202 1568; x_wconf 89' lang='lat' dir='ltr'>ulcisci</span> <span class='ocrx_word' id='word_1_83' title='bbox 1231 1503 1335 1567; x_wconf 91' lang='lat' dir='ltr'>volunt</span> 
     </span>
     <span class='ocr_line' id='line_1_12' title="bbox 242 1617 1334 1705; baseline -0.007 -17"><span class='ocrx_word' id='word_1_84' title='bbox 242 1623 376 1688; x_wconf 89' lang='lat' dir='ltr'>iniuriam</span> <span class='ocrx_word' id='word_1_85' title='bbox 392 1620 559 1705; x_wconf 85' lang='lat' dir='ltr'>pudicitiae,</span> <span class='ocrx_word' id='word_1_86' title='bbox 578 1621 646 1704; x_wconf 90' lang='lat' dir='ltr'>quia</span> <span class='ocrx_word' id='word_1_87' title='bbox 662 1626 857 1686; x_wconf 85' lang='lat' dir='ltr'>temeratores</span> <span class='ocrx_word' id='word_1_88' title='bbox 874 1620 1015 1686; x_wconf 86' lang='lat' dir='ltr'>castitatis</span> <span class='ocrx_word' id='word_1_89' title='bbox 1031 1637 1092 1684; x_wconf 89' lang='lat' dir='ltr'>nou</span> <span class='ocrx_word' id='word_1_90' title='bbox 1107 1617 1334 1684; x_wconf 77' lang='lat' dir='ltr'>sufferebantur.</span> 
     </span>
     <span class='ocr_line' id='line_1_13' title="bbox 242 1735 1336 1819; baseline -0.003 -20"><span class='ocrx_word' id='word_1_91' title='bbox 242 1736 344 1818; x_wconf 90' lang='lat' dir='ltr'>ltaque</span> <span class='ocrx_word' id='word_1_92' title='bbox 375 1737 405 1798; x_wconf 93' lang='lat' dir='ltr'>in</span> <span class='ocrx_word' id='word_1_93' title='bbox 436 1752 473 1798; x_wconf 91' lang='lat' dir='ltr'>eo</span> <span class='ocrx_word' id='word_1_94' title='bbox 503 1735 582 1799; x_wconf 91' lang='lat' dir='ltr'>bello</span> <span class='ocrx_word' id='word_1_95' title='bbox 616 1753 705 1798; x_wconf 88' lang='lat' dir='ltr'>caesa</span> <span class='ocrx_word' id='word_1_96' title='bbox 738 1744 807 1800; x_wconf 88' lang='lat' dir='ltr'>sunt</span> <span class='ocrx_word' id='word_1_97' title='bbox 838 1739 985 1819; x_wconf 88' lang='lat' dir='ltr'>utrimque</span> <span class='ocrx_word' id='word_1_98' title='bbox 1017 1735 1173 1818; x_wconf 83' lang='lat' dir='ltr'>sexaginta</span> <span class='ocrx_word' id='word_1_99' title='bbox 1206 1735 1336 1816; x_wconf 89' lang='lat' dir='ltr'>quinque</span> 
     </span>
     <span class='ocr_line' id='line_1_14' title="bbox 244 1847 1335 1928; baseline -0.002 -18"><span class='ocrx_word' id='word_1_100' title='bbox 244 1849 320 1911; x_wconf 92' lang='lat' dir='ltr'>milia</span> <span class='ocrx_word' id='word_1_101' title='bbox 354 1849 529 1913; x_wconf 85' lang='lat' dir='ltr'>bellatorum</span> <span class='ocrx_word' id='word_1_102' title='bbox 563 1855 593 1912; x_wconf 93' lang='lat' dir='ltr'>et</span> <span class='ocrx_word' id='word_1_103' title='bbox 624 1855 748 1912; x_wconf 82' lang='lat' dir='ltr'>exustae</span> <span class='ocrx_word' id='word_1_104' title='bbox 779 1852 878 1914; x_wconf 89' lang='lat' dir='ltr'>urbes.</span> <span class='ocrx_word' id='word_1_105' title='bbox 923 1849 959 1913; x_wconf 88' lang='lat' dir='ltr'>Et</span> <span class='ocrx_word' id='word_1_106' title='bbox 990 1867 1057 1914; x_wconf 90' lang='lat' dir='ltr'>cum</span> <span class='ocrx_word' id='word_1_107' title='bbox 1087 1847 1211 1912; x_wconf 85' lang='lat' dir='ltr'>inferior</span> <span class='ocrx_word' id='word_1_108' title='bbox 1240 1847 1335 1928; x_wconf 93' lang='lat' dir='ltr'>primo</span> 
     </span>
     <span class='ocr_line' id='line_1_15' title="bbox 244 1959 1336 2044; baseline -0.001 -20"><span class='ocrx_word' id='word_1_109' title='bbox 244 1959 351 2024; x_wconf 85' lang='lat' dir='ltr'>luisset</span> <span class='ocrx_word' id='word_1_110' title='bbox 373 1962 499 2043; x_wconf 90' lang='lat' dir='ltr'>populus</span> <span class='ocrx_word' id='word_1_111' title='bbox 521 1961 630 2042; x_wconf 89' lang='lat' dir='ltr'>lsrael,</span> <span class='ocrx_word' id='word_1_112' title='bbox 661 1967 758 2024; x_wconf 88' lang='lat' dir='ltr'>tamen</span> <span class='ocrx_word' id='word_1_113' title='bbox 781 1980 838 2026; x_wconf 93' lang='lat' dir='ltr'>nec</span> <span class='ocrx_word' id='word_1_114' title='bbox 860 1962 978 2026; x_wconf 87' lang='lat' dir='ltr'>adversi</span> <span class='ocrx_word' id='word_1_115' title='bbox 1001 1970 1080 2024; x_wconf 92' lang='lat' dir='ltr'>metu</span> <span class='ocrx_word' id='word_1_116' title='bbox 1109 1962 1178 2025; x_wconf 92' lang='lat' dir='ltr'>belli</span> <span class='ocrx_word' id='word_1_117' title='bbox 1205 1961 1336 2044; x_wconf 88' lang='lat' dir='ltr'>percitus</span> 
     </span>
     <span class='ocr_line' id='line_1_16' title="bbox 247 2075 1336 2160; baseline -0.002 -18"><span class='ocrx_word' id='word_1_118' title='bbox 247 2075 438 2142; x_wconf 89' lang='lat' dir='ltr'>vindicandae</span> <span class='ocrx_word' id='word_1_119' title='bbox 462 2079 603 2141; x_wconf 91' lang='lat' dir='ltr'>castitatis</span> <span class='ocrx_word' id='word_1_120' title='bbox 626 2079 825 2159; x_wconf 86' lang='lat' dir='ltr'>sequestravit</span> <span class='ocrx_word' id='word_1_121' title='bbox 851 2077 994 2142; x_wconf 86' lang='lat' dir='ltr'>dolorem.</span> <span class='ocrx_word' id='word_1_122' title='bbox 1039 2078 1155 2142; x_wconf 84' lang='lat' dir='ltr'>Ruebat</span> <span class='ocrx_word' id='word_1_123' title='bbox 1181 2079 1211 2141; x_wconf 92' lang='lat' dir='ltr'>in</span> <span class='ocrx_word' id='word_1_124' title='bbox 1240 2095 1336 2160; x_wconf 89' lang='lat' dir='ltr'>proe-</span> 
     </span>
     <span class='ocr_line' id='line_1_17' title="bbox 243 2189 1336 2276; baseline 0.001 -24"><span class='ocrx_word' id='word_1_125' title='bbox 243 2189 323 2269; x_wconf 93' lang='lat' dir='ltr'>lium,</span> <span class='ocrx_word' id='word_1_126' title='bbox 347 2190 397 2253; x_wconf 90' lang='lat' dir='ltr'>vel</span> <span class='ocrx_word' id='word_1_127' title='bbox 419 2194 564 2276; x_wconf 85' lang='lat' dir='ltr'>sanguine</span> <span class='ocrx_word' id='word_1_128' title='bbox 587 2211 643 2256; x_wconf 91' lang='lat' dir='ltr'>suo</span> <span class='ocrx_word' id='word_1_129' title='bbox 667 2210 773 2275; x_wconf 89' lang='lat' dir='ltr'>parans</span> <span class='ocrx_word' id='word_1_130' title='bbox 799 2193 948 2258; x_wconf 88' lang='lat' dir='ltr'>commissi</span> <span class='ocrx_word' id='word_1_131' title='bbox 970 2191 1072 2275; x_wconf 78' lang='lat' dir='ltr'>flagitii</span> <span class='ocrx_word' id='word_1_132' title='bbox 1095 2192 1208 2256; x_wconf 87' lang='lat' dir='ltr'>diluere</span> <span class='ocrx_word' id='word_1_133' title='bbox 1228 2197 1336 2255; x_wconf 85' lang='lat' dir='ltr'>uotam.</span> 
     </span>
    </p>
   </div>
   <div class='ocr_carea' id='block_1_3' title="bbox 651 2391 932 2460">
    <p class='ocr_par' dir='ltr' id='par_1_4' title="bbox 651 2391 932 2460">
     <span class='ocr_line' id='line_1_18' title="bbox 651 2391 932 2460; baseline 0.004 -3"><span class='ocrx_word' id='word_1_134' title='bbox 651 2391 821 2458; x_wconf 84' lang='lat' dir='ltr'><strong>CAPUT</strong></span> <span class='ocrx_word' id='word_1_135' title='bbox 854 2391 932 2460; x_wconf 91' lang='lat' dir='ltr'>XX.</span> 
     </span>
    </p>
   </div>
   <div class='ocr_carea' id='block_1_4' title="bbox 244 2533 1339 3988">
    <p class='ocr_par' dir='ltr' id='par_1_5' title="bbox 244 2533 1338 2693">
     <span class='ocr_line' id='line_1_19' title="bbox 244 2533 1338 2618; baseline 0.005 -31"><span class='ocrx_word' id='word_1_136' title='bbox 244 2533 304 2587; x_wconf 82' lang='lat' dir='ltr'>Post</span> <span class='ocrx_word' id='word_1_137' title='bbox 327 2534 434 2587; x_wconf 87' lang='lat' dir='ltr'>solutam</span> <span class='ocrx_word' id='word_1_138' title='bbox 460 2551 492 2588; x_wconf 82' lang='lat' dir='ltr'>ex</span> <span class='ocrx_word' id='word_1_139' title='bbox 509 2535 621 2590; x_wconf 75' lang='lat' dir='ltr'>Helisaei</span> <span class='ocrx_word' id='word_1_140' title='bbox 645 2538 767 2590; x_wconf 85' lang='lat' dir='ltr'>vaticinio</span> <span class='ocrx_word' id='word_1_141' title='bbox 792 2537 870 2588; x_wconf 84' lang='lat' dir='ltr'>diram</span> <span class='ocrx_word' id='word_1_142' title='bbox 889 2537 1016 2591; x_wconf 83' lang='lat' dir='ltr'>Samariae</span> <span class='ocrx_word' id='word_1_143' title='bbox 1041 2538 1338 2618; x_wconf 33' lang='lat' dir='ltr'>obsidioncmhquanta</span> 
     </span>
     <span class='ocr_line' id='line_1_20' title="bbox 435 2623 1147 2693; baseline 0.008 -20"><span class='ocrx_word' id='word_1_144' title='bbox 435 2623 511 2674; x_wconf 87' lang='lat' dir='ltr'>luerit</span> <span class='ocrx_word' id='word_1_145' title='bbox 531 2633 648 2693; x_wconf 91' lang='lat' dir='ltr'>quattuor</span> <span class='ocrx_word' id='word_1_146' title='bbox 667 2625 773 2693; x_wconf 74' lang='lat' dir='ltr'>leprosis</span> <span class='ocrx_word' id='word_1_147' title='bbox 793 2625 893 2676; x_wconf 80' lang='lat' dir='ltr'>honesti</span> <span class='ocrx_word' id='word_1_148' title='bbox 911 2642 986 2692; x_wconf 87' lang='lat' dir='ltr'>cura,</span> <span class='ocrx_word' id='word_1_149' title='bbox 1010 2637 1147 2680; x_wconf 90' lang='lat' dir='ltr'>enarratur.</span> 
     </span>
    </p>

    <p class='ocr_par' dir='ltr' id='par_1_6' title="bbox 245 2752 1338 3068">
     <span class='ocr_line' id='line_1_21' title="bbox 335 2752 1338 2842; baseline 0.004 -22"><span class='ocrx_word' id='word_1_150' title='bbox 335 2752 404 2820; x_wconf 88' lang='grc'><strong>118.</strong></span> <span class='ocrx_word' id='word_1_151' title='bbox 449 2756 486 2820; x_wconf 90' lang='lat' dir='ltr'>Et</span> <span class='ocrx_word' id='word_1_152' title='bbox 507 2756 577 2837; x_wconf 93' lang='lat' dir='ltr'>quid</span> <span class='ocrx_word' id='word_1_153' title='bbox 600 2758 714 2836; x_wconf 92' lang='lat' dir='ltr'>mirum,</span> <span class='ocrx_word' id='word_1_154' title='bbox 737 2757 762 2819; x_wconf 91' lang='lat' dir='ltr'>si</span> <span class='ocrx_word' id='word_1_155' title='bbox 785 2757 896 2840; x_wconf 91' lang='lat' dir='ltr'>populo</span> <span class='ocrx_word' id='word_1_156' title='bbox 920 2757 969 2820; x_wconf 92' lang='lat' dir='ltr'>dei</span> <span class='ocrx_word' id='word_1_157' title='bbox 992 2757 1132 2826; x_wconf 88' lang='lat' dir='ltr'>decorum</span> <span class='ocrx_word' id='word_1_158' title='bbox 1155 2759 1225 2824; x_wconf 93' lang='lat' dir='ltr'>illud</span> <span class='ocrx_word' id='word_1_159' title='bbox 1249 2766 1338 2842; x_wconf 88' lang='lat' dir='ltr'>atque</span> 
     </span>
     <span class='ocr_line' id='line_1_22' title="bbox 245 2870 1338 2956; baseline 0.001 -22"><span class='ocrx_word' id='word_1_160' title='bbox 245 2872 403 2934; x_wconf 89' lang='lat' dir='ltr'>honestum</span> <span class='ocrx_word' id='word_1_161' title='bbox 426 2889 516 2934; x_wconf 89' lang='lat' dir='ltr'>curae</span> <span class='ocrx_word' id='word_1_162' title='bbox 546 2870 616 2951; x_wconf 86' lang='lat' dir='ltr'>luit,</span> <span class='ocrx_word' id='word_1_163' title='bbox 650 2870 767 2953; x_wconf 88' lang='lat' dir='ltr'>quando</span> <span class='ocrx_word' id='word_1_164' title='bbox 797 2873 884 2936; x_wconf 90' lang='lat' dir='ltr'>etiarn</span> <span class='ocrx_word' id='word_1_165' title='bbox 915 2873 1060 2956; x_wconf 88' lang='lat' dir='ltr'>leprosis,</span> <span class='ocrx_word' id='word_1_166' title='bbox 1092 2877 1169 2939; x_wconf 90' lang='lat' dir='ltr'>sicut</span> <span class='ocrx_word' id='word_1_167' title='bbox 1197 2875 1227 2936; x_wconf 93' lang='lat' dir='ltr'>in</span> <span class='ocrx_word' id='word_1_168' title='bbox 1256 2874 1338 2939; x_wconf 91' lang='lat' dir='ltr'>libris</span> 
     </span>
     <span class='ocr_line' id='line_1_23' title="bbox 246 2980 1253 3068; baseline 0.009 -23"><span class='ocrx_word' id='word_1_169' title='bbox 246 3002 407 3068; x_wconf 86' lang='lat' dir='ltr'>regnorum</span> <span class='ocrx_word' id='word_1_170' title='bbox 425 2980 456 3068; x_wconf 86' lang='lat'>¹)</span> <span class='ocrx_word' id='word_1_171' title='bbox 478 2985 613 3067; x_wconf 84' lang='lat' dir='ltr'>legimus,</span> <span class='ocrx_word' id='word_1_172' title='bbox 637 2984 801 3048; x_wconf 89' lang='lat' dir='ltr'>honestatis</span> <span class='ocrx_word' id='word_1_173' title='bbox 825 3004 884 3049; x_wconf 93' lang='lat' dir='ltr'>non</span> <span class='ocrx_word' id='word_1_174' title='bbox 908 2986 1001 3050; x_wconf 85' lang='lat' dir='ltr'>deluit</span> <span class='ocrx_word' id='word_1_175' title='bbox 1023 2987 1253 3054; x_wconf 83' lang='lat' dir='ltr'>consideratio?</span> 
     </span>
    </p>

    <p class='ocr_par' dir='ltr' id='par_1_7' title="bbox 244 3095 1339 3988">
     <span class='ocr_line' id='line_1_24' title="bbox 336 3095 1338 3192; baseline 0.009 -32"><span class='ocrx_word' id='word_1_176' title='bbox 336 3095 405 3161; x_wconf 81' lang='lat'>119.</span> <span class='ocrx_word' id='word_1_177' title='bbox 442 3099 547 3160; x_wconf 87' lang='lat' dir='ltr'>Fames</span> <span class='ocrx_word' id='word_1_178' title='bbox 570 3105 635 3192; x_wconf 89' lang='lat' dir='ltr'>erat</span> <span class='ocrx_word' id='word_1_179' title='bbox 658 3117 764 3181; x_wconf 85' lang='lat' dir='ltr'>magua</span> <span class='ocrx_word' id='word_1_180' title='bbox 786 3101 815 3163; x_wconf 92' lang='lat' dir='ltr'>in</span> <span class='ocrx_word' id='word_1_181' title='bbox 834 3100 973 3180; x_wconf 89' lang='lat' dir='ltr'>Samaria,</span> <span class='ocrx_word' id='word_1_182' title='bbox 997 3102 1065 3182; x_wconf 91' lang='lat' dir='ltr'>quia</span> <span class='ocrx_word' id='word_1_183' title='bbox 1089 3103 1250 3168; x_wconf 89' lang='lat' dir='ltr'>obsederat</span> <span class='ocrx_word' id='word_1_184' title='bbox 1273 3123 1338 3168; x_wconf 91' lang='lat' dir='ltr'>eam</span> 
     </span>
     <span class='ocr_line' id='line_1_25' title="bbox 247 3214 1339 3299; baseline 0.004 -19"><span class='ocrx_word' id='word_1_185' title='bbox 247 3214 389 3298; x_wconf 76' lang='lat' dir='ltr'>Syrorum</span> <span class='ocrx_word' id='word_1_186' title='bbox 413 3214 571 3276; x_wconf 88' lang='lat' dir='ltr'>exercitus.</span> <span class='ocrx_word' id='word_1_187' title='bbox 608 3214 674 3276; x_wconf 82' lang='lat' dir='ltr'>Rex</span> <span class='ocrx_word' id='word_1_188' title='bbox 696 3215 836 3280; x_wconf 90' lang='lat' dir='ltr'>militares</span> <span class='ocrx_word' id='word_1_189' title='bbox 860 3217 1002 3279; x_wconf 85' lang='lat' dir='ltr'>excubias</span> <span class='ocrx_word' id='word_1_190' title='bbox 1023 3235 1112 3299; x_wconf 90' lang='lat' dir='ltr'>supra</span> <span class='ocrx_word' id='word_1_191' title='bbox 1135 3237 1249 3282; x_wconf 92' lang='lat' dir='ltr'>murum</span> <span class='ocrx_word' id='word_1_192' title='bbox 1272 3221 1339 3284; x_wconf 89' lang='lat' dir='ltr'>sol-</span> 
     </span>
     <span class='ocr_line' id='line_1_26' title="bbox 244 3327 1339 3411; baseline 0.005 -19"><span class='ocrx_word' id='word_1_193' title='bbox 244 3329 341 3392; x_wconf 89' lang='lat' dir='ltr'>licitus</span> <span class='ocrx_word' id='word_1_194' title='bbox 373 3327 539 3404; x_wconf 84' lang='lat' dir='ltr'>revisebat3</span> <span class='ocrx_word' id='word_1_195' title='bbox 572 3328 771 3411; x_wconf 90' lang='lat' dir='ltr'>interpellavit</span> <span class='ocrx_word' id='word_1_196' title='bbox 803 3348 867 3393; x_wconf 94' lang='lat' dir='ltr'>eum</span> <span class='ocrx_word' id='word_1_197' title='bbox 898 3331 1004 3394; x_wconf 92' lang='lat' dir='ltr'>mulier</span> <span class='ocrx_word' id='word_1_198' title='bbox 1036 3331 1154 3396; x_wconf 86' lang='lat' dir='ltr'>dicens:</span> <span class='ocrx_word' id='word_1_199' title='bbox 1189 3333 1339 3398; x_wconf 89' lang='lat' dir='ltr'>Persuasit</span> 
     </span>
     <span class='ocr_line' id='line_1_27' title="bbox 245 3443 1337 3526; baseline 0.005 -20"><span class='ocrx_word' id='word_1_200' title='bbox 245 3444 316 3506; x_wconf 94' lang='lat' dir='ltr'>mihi</span> <span class='ocrx_word' id='word_1_201' title='bbox 337 3445 411 3518; x_wconf 87' lang='lat' dir='ltr'>haee</span> <span class='ocrx_word' id='word_1_202' title='bbox 433 3444 548 3523; x_wconf 91' lang='lat' dir='ltr'>mulier,</span> <span class='ocrx_word' id='word_1_203' title='bbox 571 3450 604 3506; x_wconf 93' lang='lat' dir='ltr'>ut</span> <span class='ocrx_word' id='word_1_204' title='bbox 625 3443 774 3507; x_wconf 90' lang='lat' dir='ltr'>adierrem</span> <span class='ocrx_word' id='word_1_205' title='bbox 796 3443 885 3507; x_wconf 85' lang='lat' dir='ltr'>tilium</span> <span class='ocrx_word' id='word_1_206' title='bbox 908 3463 1014 3526; x_wconf 91' lang='lat' dir='ltr'>meum,</span> <span class='ocrx_word' id='word_1_207' title='bbox 1039 3452 1069 3508; x_wconf 93' lang='lat' dir='ltr'>et</span> <span class='ocrx_word' id='word_1_208' title='bbox 1091 3448 1173 3510; x_wconf 91' lang='lat' dir='ltr'>attuli</span> <span class='ocrx_word' id='word_1_209' title='bbox 1197 3454 1226 3510; x_wconf 89' lang='lat' dir='ltr'>et</span> <span class='ocrx_word' id='word_1_210' title='bbox 1249 3449 1337 3512; x_wconf 88' lang='lat' dir='ltr'>coxi-</span> 
     </span>
     <span class='ocr_line' id='line_1_28' title="bbox 246 3558 1338 3643; baseline 0.005 -21"><span class='ocrx_word' id='word_1_211' title='bbox 246 3577 310 3622; x_wconf 92' lang='lat' dir='ltr'>mus</span> <span class='ocrx_word' id='word_1_212' title='bbox 335 3564 364 3620; x_wconf 91' lang='lat' dir='ltr'>et</span> <span class='ocrx_word' id='word_1_213' title='bbox 383 3559 564 3622; x_wconf 89' lang='lat' dir='ltr'>comedimus</span> <span class='ocrx_word' id='word_1_214' title='bbox 588 3577 663 3622; x_wconf 89' lang='lat' dir='ltr'>eum.</span> <span class='ocrx_word' id='word_1_215' title='bbox 708 3558 744 3621; x_wconf 87' lang='lat' dir='ltr'>Et</span> <span class='ocrx_word' id='word_1_216' title='bbox 766 3560 911 3641; x_wconf 87' lang='lat' dir='ltr'>promisit,</span> <span class='ocrx_word' id='word_1_217' title='bbox 935 3566 965 3622; x_wconf 93' lang='lat' dir='ltr'>ut</span> <span class='ocrx_word' id='word_1_218' title='bbox 988 3561 1103 3643; x_wconf 90' lang='lat' dir='ltr'>etipsa</span> <span class='ocrx_word' id='word_1_219' title='bbox 1126 3569 1230 3643; x_wconf 88' lang='lat' dir='ltr'>postea</span> <span class='ocrx_word' id='word_1_220' title='bbox 1253 3581 1338 3626; x_wconf 91' lang='lat' dir='ltr'>suum</span> 
     </span>
     <span class='ocr_line' id='line_1_29' title="bbox 246 3673 1338 3753; baseline 0.002 -15"><span class='ocrx_word' id='word_1_221' title='bbox 246 3673 335 3738; x_wconf 90' lang='lat' dir='ltr'>lilium</span> <span class='ocrx_word' id='word_1_222' title='bbox 350 3673 483 3738; x_wconf 82' lang='lat' dir='ltr'>adferret</span> <span class='ocrx_word' id='word_1_223' title='bbox 498 3679 529 3736; x_wconf 92' lang='lat' dir='ltr'>et</span> <span class='ocrx_word' id='word_1_224' title='bbox 544 3692 650 3737; x_wconf 91' lang='lat' dir='ltr'>carnes</span> <span class='ocrx_word' id='word_1_225' title='bbox 665 3675 743 3738; x_wconf 92' lang='lat' dir='ltr'>illius</span> <span class='ocrx_word' id='word_1_226' title='bbox 760 3675 846 3738; x_wconf 92' lang='lat' dir='ltr'>simul</span> <span class='ocrx_word' id='word_1_227' title='bbox 860 3674 1121 3753; x_wconf 89' lang='lat' dir='ltr'>manducaremus;</span> <span class='ocrx_word' id='word_1_228' title='bbox 1144 3696 1222 3740; x_wconf 92' lang='lat' dir='ltr'>nunc</span> <span class='ocrx_word' id='word_1_229' title='bbox 1240 3687 1338 3741; x_wconf 91' lang='lat' dir='ltr'>autem</span> 
     </span>
     <span class='ocr_line' id='line_1_30' title="bbox 247 3788 1336 3872; baseline 0.004 -20"><span class='ocrx_word' id='word_1_230' title='bbox 247 3789 336 3852; x_wconf 91' lang='lat' dir='ltr'>sdium</span> <span class='ocrx_word' id='word_1_231' title='bbox 367 3806 451 3852; x_wconf 91' lang='lat' dir='ltr'>suum</span> <span class='ocrx_word' id='word_1_232' title='bbox 481 3788 636 3852; x_wconf 88' lang='lat' dir='ltr'>abscondit</span> <span class='ocrx_word' id='word_1_233' title='bbox 666 3796 696 3851; x_wconf 88' lang='lat' dir='ltr'>et</span> <span class='ocrx_word' id='word_1_234' title='bbox 721 3808 782 3853; x_wconf 95' lang='lat' dir='ltr'>non</span> <span class='ocrx_word' id='word_1_235' title='bbox 805 3790 955 3854; x_wconf 88' lang='lat' dir='ltr'>vulteum</span> <span class='ocrx_word' id='word_1_236' title='bbox 979 3789 1105 3854; x_wconf 86' lang='lat' dir='ltr'>adferre.</span> <span class='ocrx_word' id='word_1_237' title='bbox 1150 3792 1248 3856; x_wconf 91' lang='lat' dir='ltr'>llotus</span> <span class='ocrx_word' id='word_1_238' title='bbox 1270 3810 1336 3872; x_wconf 87' lang='lat' dir='ltr'>rex,</span> 
     </span>
     <span class='ocr_line' id='line_1_31' title="bbox 248 3903 1337 3988; baseline 0.006 -22"><span class='ocrx_word' id='word_1_239' title='bbox 248 3903 327 3984; x_wconf 93' lang='lat' dir='ltr'>quod</span> <span class='ocrx_word' id='word_1_240' title='bbox 351 3922 412 3966; x_wconf 91' lang='lat' dir='ltr'>non</span> <span class='ocrx_word' id='word_1_241' title='bbox 435 3903 531 3967; x_wconf 91' lang='lat' dir='ltr'>solum</span> <span class='ocrx_word' id='word_1_242' title='bbox 552 3903 695 3984; x_wconf 88' lang='lat' dir='ltr'>humanis,</span> <span class='ocrx_word' id='word_1_243' title='bbox 718 3904 773 3968; x_wconf 91' lang='lat' dir='ltr'>sed</span> <span class='ocrx_word' id='word_1_244' title='bbox 796 3906 882 3968; x_wconf 86' lang='lat' dir='ltr'>etiam</span> <span class='ocrx_word' id='word_1_245' title='bbox 904 3904 1127 3988; x_wconf 86' lang='lat' dir='ltr'>parricidalibus</span> <span class='ocrx_word' id='word_1_246' title='bbox 1144 3905 1337 3972; x_wconf 89' lang='lat' dir='ltr'>cadaveribus</span> 
     </span>
    </p>
   </div>
   <div class='ocr_carea' id='block_1_5' title="bbox 248 4057 453 4068">
    <p class='ocr_par' dir='ltr' id='par_1_8' title="bbox 248 4057 453 4068">
     <span class='ocr_line' id='line_1_32' title="bbox 248 4057 453 4068; baseline 0 -2"><span class='ocrx_word' id='word_1_247' title='bbox 248 4057 453 4068; x_wconf 81' lang='lat'><em>—--.-—-.</em></span> 
     </span>
    </p>
   </div>
   <div class='ocr_carea' id='block_1_6' title="bbox 317 4145 652 4219">
    <p class='ocr_par' dir='ltr' id='par_1_9' title="bbox 317 4145 652 4219">
     <span class='ocr_line' id='line_1_33' title="bbox 317 4145 652 4219; baseline 0.015 -22"><span class='ocrx_word' id='word_1_248' title='bbox 317 4145 345 4211; x_wconf 83' lang='lat'>1)</span> <span class='ocrx_word' id='word_1_249' title='bbox 363 4147 389 4199; x_wconf 78' lang='lat'>4.</span> <span class='ocrx_word' id='word_1_250' title='bbox 403 4147 466 4217; x_wconf 73' lang='lat' dir='ltr'>lleg.</span> <span class='ocrx_word' id='word_1_251' title='bbox 484 4145 510 4213; x_wconf 87' lang='grc'>6,</span> <span class='ocrx_word' id='word_1_252' title='bbox 530 4147 562 4198; x_wconf 83' lang='lat'>25</span> <span class='ocrx_word' id='word_1_253' title='bbox 581 4164 652 4219; x_wconf 80' lang='lat' dir='ltr'>seqq.</span> 
     </span>
    </p>
   </div>
   <div class='ocr_carea' id='block_1_7' title="bbox 0 0 1495 4708">
    <p class='ocr_par' dir='ltr' id='par_1_10' title="bbox 0 0 1495 4708">
     <span class='ocr_line' id='line_1_34' title="bbox 0 0 1495 4708; baseline 0 0"><span class='ocrx_word' id='word_1_254' title='bbox 0 0 1495 4708; x_wconf 95' lang='lat' dir='ltr'> </span> 
     </span>
    </p>
   </div>
  </div>
 </body>
</html>
