2932 4700
193 299 235 366 '72
636 295 662 352 Β.
680 292 838 352 muoso

194 459 283 522 deum
306 456 409 520 nescit.
454 453 592 534 Denique
621 454 763 535 insipiens
795 450 917 538 dixit1)
949 454 1104 535 quianon
1126 465 1175 520 est
1197 459 1292 535 decs3

193 591 259 635 nam
286 571 405 652 sapiens
428 587 490 632 non
513 569 635 632 diceret.
683 568 840 643 Quomodo
873 571 949 633 euim
982 570 1122 652 sapiens,
1153 573 1203 652 qui
1232 590 1294 636 non

193 685 319 765 requirit
341 689 492 746 auctorem
517 699 612 760 suum,
636 683 686 761 qui
709 681 779 744 dicit
802 683 908 764 lapidi:
922 679 956 765 ²)
978 682 1070 744 Peter
1092 703 1225 747 meuses
1242 691 1295 758 ως

194 799 243 878 qui
267 796 335 859 dicit
358 795 493 873 diabolo,
516 798 548 857 ut
570 793 778 856 Manichacus:
800 793 915 857 Auctor
937 813 1021 858 meus
1046 813 1079 858 es
1103 796 1160 858 tu‘i
1206 796 1294 870 Quo-

194 910 284 973 modo
314 910 434 992 sapiens
458 908 566 1002 Arius,
599 909 649 988 qui
681 907 743 971 vuit
771 907 966 990 inperfectum
1001 915 1153 971 auctorem
1182 908 1295 970 habere

194 1029 283 1102 atque
312 1021 511 1103 degenerem,
544 1038 631 1100 quam
664 1037 769 1081 verum
791 1026 881 1100 atque
902 1019 1092 1101 perfectum?
1137 1020 1295 1094 Quomodo
1361 1075 1365 1080 .

193 1138 314 1217 sapiens
343 1134 476 1197 Marcion
506 1139 596 1214 atque
617 1132 799 1212 Eunomius,
832 1134 883 1213 qui
916 1133 1027 1196 malunt
1058 1133 1145 1197 deum
1178 1135 1295 1214 maium,

195 1265 282 1329 quam
316 1248 427 1310 bonum
459 1247 597 1311 habere?
643 1247 801 1322 Quomodo
833 1248 972 1328 sapiens,
1006 1249 1056 1329 qui
1089 1248 1176 1310 deum
1210 1266 1297 1311 suum

194 1379 255 1424 non
283 1360 390 1423 timet?
434 1360 562 1424 Initium
594 1361 674 1423 enim
701 1361 877 1439 supientiae
908 1361 1016 1444 dmoni
1031 1363 1157 1424 domini.
1174 1359 1206 1443 ³)
1260 1361 1297 1424 Et

196 1473 265 1535 alibi
287 1473 399 1536 habes:
417 1469 450 1557 ⁴)
480 1473 645 1554 Sapientes
668 1493 733 1537 oon
758 1475 922 1536 declinant
944 1475 982 1535 de
1006 1493 1060 1536 ore
1083 1474 1218 1553 domini,
1240 1475 1298 1537 aed

197 1587 390 1648 tractactio
414 1586 666 1665 confessionibus
688 1589 775 1660 scis;
807 1587 893 1651 simul
925 1606 1046 1669 quoque
1077 1586 1195 1649 dicente
1217 1587 1297 1650 scri-

196 1704 299 1781 ptura:
334 1699 520 1778 deputatum
551 1710 599 1763 est
629 1702 658 1763 ei
688 1703 732 1764 cd
762 1702 931 1776 iustitiam
966 1703 1088 1766 alterius
1119 1703 1234 1766 virtutis
1269 1703 1298 1766 ci

197 1813 322 1896 gratiam
343 1811 454 1875 detulit.

287 1923 358 1989 118.
402 1925 490 1988 Primi
518 1927 610 2008 igitur
639 1926 736 1990 nostri
763 1926 942 1990 definierunt
970 1925 1155 2009 prudentiam
1179 1927 1210 1988 in
1233 1929 1298 1990 veri

199 2039 364 2102 consistere
388 2039 569 2121 cognitione.
616 2040 688 2114 Quis
712 2040 791 2102 enim
813 2039 930 2102 illorum
952 2046 1021 2102 ante
1045 2038 1209 2118 Abraham,
1233 2037 1298 2103 oa-

198 2151 265 2232 vid‚
305 2151 519 2217 Salomonem?
570 2150 688 2213 Deinde
719 2152 858 2214 iustitiam
888 2157 1027 2232 spectare
1057 2150 1094 2214 ad
1126 2152 1327 2214 societatem

199 2267 321 2352 generis
340 2268 468 2330 humani.
514 2266 653 2346 Denique
667 2264 764 2328 David
779 2266 834 2328 ait:
853 2262 884 2348 ⁵)
907 2264 1083 2344 Dispersit,
1107 2265 1195 2326 dedit
1213 2283 1298 2344 peu-

194 2380 343 2460 peribus,
372 2381 494 2443 iustitio
516 2381 582 2443 eius
604 2381 763 2442 inunctio
787 2388 954 2442 oeternum.
998 2379 1101 2442 iustus
1123 2380 1297 2457 miseretur,

200 2494 302 2555 iustus
330 2495 511 2555 commodat.
558 2493 689 2576 Sapienti
712 2501 741 2555 et
763 2496 840 2556 iusto
865 2500 944 2556 totus
975 2492 1101 2556 mundus
1133 2492 1301 2555 divitiarum

200 2612 254 2668 est.
299 2604 396 2669 Iustus
425 2608 589 2669 communia
612 2627 667 2689 pro
692 2609 753 2670 suis
777 2609 883 2686 habet,
913 2626 967 2669 sua
997 2625 1054 2689 pro
1085 2607 1300 2670 communibus.

200 2719 296 2782 iustus
320 2736 354 2781 se
377 2720 493 2800 ipsum,
523 2720 694 2800 priusquam
723 2718 815 2798 alios,
846 2727 973 2782 accusat.
1019 2719 1071 2782 Ille
1094 2720 1172 2782 enim
1196 2720 1301 2797 iustus,
1384 2737 1386 2740 ·

200 2834 251 2914 qui
274 2851 330 2895 nec
353 2832 410 2895 sibi
443 2833 537 2913 parcit
564 2839 593 2895 et
624 2833 739 2896 occulta
769 2851 823 2896 sua
852 2833 946 2896 latere
977 2852 1037 2898 non
1066 2833 1182 2915 patitur.
1227 2830 1302 2894 Vide

199 2964 288 3027 quam
311 2945 405 3010 iustus
428 2944 585 3008 Abraham.
603 2941 636 3028 ⁶)
681 2945 714 3007 ln
736 2952 892 3008 senectute
923 2954 1099 3028 susceperat
1131 2917 1223 3008 titium
1246 2963 1302 3026 per

200 3059 485 3140 repromissionem,
517 3061 688 3140 reposcenti
719 3059 839 3123 domino
863 3059 1033 3142 negandum
1056 3059 1093 3124 ad
1115 3059 1302 3138 sacrificium,

202 3173 335 3254 quamvis
359 3174 495 3252 unicum,
522 3190 583 3234 non
605 3173 726 3255 putavit.

292 3283 362 3350 119.
407 3286 542 3352 Adverte
565 3289 613 3350 hic
637 3307 741 3351 omnes
765 3290 889 3352 virtutes
913 3294 1053 3369 quattuor
1076 3289 1106 3352 in
1129 3308 1189 3352 uno
1213 3288 1301 3352 iacto.

201 3403 268 3466 uuit
289 3403 453 3485 sapientiae
476 3405 534 3468 deo
551 3404 687 3484 credere,
711 3423 768 3468 nec
783 3404 835 3466 sulii
850 3405 974 3487 gratiam
998 3401 1150 3468 anteferre
1172 3402 1302 3466 auctoris

203 3524 366 3600 praecepto
373 3538 383 3595 3
419 3517 472 3580 init
504 3517 632 3581 iustitiae
667 3522 821 3596 acceptum
855 3515 1002 3592 reddere3
1036 3515 1091 3578 fuit
1123 3513 1302 3578 fortitudinis

204 3633 364 3714 appetitum
387 3635 503 3697 ratione
527 3631 678 3695 cohihere.
723 3631 858 3693 Ducebat
889 3630 1015 3693 hostiam
1038 3635 1138 3710 pater,
1169 3629 1303 3690 interro-

151 3799 155 3802 .
204 3747 294 3830 gabat
316 3746 410 3827 filius,
436 3746 632 3832 temptabatur
654 3743 778 3810 effectus
802 3745 931 3830 patrius,
958 3742 1095 3808 sednon
1118 3743 1302 3808 vincebatur.

205 3917 410 3930 ——-.-....

277 4005 305 4075 1)
323 4005 413 4059 esaum.
427 4007 469 4072 13,
483 4006 506 4058 1.
561 4007 590 4076 2)
607 4005 717 4059 arerem.
731 4006 758 4071 2,
772 4005 814 4057 27.
870 4003 899 4070 3)
919 4001 1121 4070 raunnno.
1176 3991 1299 4074 uJ'rrov.

205 4091 249 4159 24,
269 4091 293 4145 7.
365 4091 394 4161 5)
416 4091 504 4145 Psatm.
527 4091 586 4159 111,
606 4093 630 4145 9.
702 4091 730 4158 6)
750 4089 843 4147 Genea.
862 4089 905 4158 22,
924 4087 941 4146 3
959 4103 1030 4164 seqq.
