2976 4706
383 373 977 434 osormcusmnisrnoeurrumuor.
1184 377 1226 443 ιι

487 573 658 643 CAPUT
686 573 864 642 XXXVII.

131 734 288 790 servandam
307 745 336 791 ut
352 740 379 792 iu
396 741 541 810 prosperis,
563 741 597 792 ita
615 749 642 794 er
660 743 685 792 in
704 741 818 795 adversis
837 737 929 792 montis
947 735 1140 808 aequalitatem
1161 735 1228 790 malr

475 836 560 880 tamen
578 829 705 881 interdurn
724 827 882 882 declinanda.

225 986 295 1056 186.
340 988 383 1053 lia
405 993 452 1053 ert
473 990 560 1054 etiam
584 1007 661 1071 quoe
684 988 790 1054 dicitur
812 990 944 1053 vacuitas
966 987 1053 1052 enimi
1072 987 1108 1049 ab
1129 1003 1228 1068 ongo·

131 1103 233 1184 ribus,
266 1110 298 1168 ut
319 1121 418 1186 neque
440 1104 471 1168 in
493 1104 647 1170 doloribus
669 1104 821 1170 molliores
847 1105 956 1185 simus,
979 1120 1079 1184 neque
1101 1102 1132 1164 in
1153 1119 1229 1184 pro-

134 1217 231 1299 speris
248 1216 398 1282 elatiores.
437 1218 525 1293 Quod
541 1219 567 1282 si
581 1219 622 1298 hi,
646 1219 697 1300 qui
713 1217 749 1282 ad
768 1217 982 1300 capessendam
999 1235 1062 1280 rem
1084 1214 1229 1299 publicam

132 1329 326 1396 adhortantur
346 1332 480 1414 aliquos,
510 1332 586 1395 haec
607 1338 768 1414 praecepta
790 1331 882 1410 dant,
913 1337 1023 1413 quanto
1046 1330 1141 1413 magis
1164 1347 1230 1410 nos,

132 1445 185 1526 qui
206 1443 243 1508 ad
267 1444 396 1509 officium
419 1446 568 1510 ecclesiae
589 1465 749 1526 vocamur,
772 1446 840 1510 lolia
864 1444 1005 1510 debemus
1023 1462 1132 1527 agere,
1154 1461 1232 1526 quae

131 1559 270 1642 placeant
299 1558 376 1640 deo,
406 1566 440 1624 ut
467 1560 644 1642 praetendat
675 1562 706 1624 in
736 1561 824 1624 nobis
853 1561 948 1624 virtus
979 1555 1103 1638 Christi,
1132 1565 1162 1621 et
1192 1559 1232 1621 ita

132 1671 226 1736 simus
248 1679 353 1737 nostro
376 1671 494 1756 probati
523 1672 712 1754 imperatori,
745 1678 778 1736 ut
800 1673 932 1737 membra
953 1677 1057 1736 mostra
1079 1690 1159 1737 arma
1181 1672 1232 1736 iu-

133 1786 233 1851 stitiae
255 1787 329 1867 sint,
360 1805 442 1851 arma
465 1805 527 1851 non
550 1788 698 1867 earnalia,
730 1787 761 1850 in
793 1788 900 1869 quinus
930 1795 1084 1872 peccatum
1113 1795 1232 1872 regnet,

135 1901 191 1966 sed
221 1919 302 1966 arma
331 1902 419 1968 lortia
443 1903 518 1984 deo,
550 1904 657 1985 quibus
688 1909 842 1984 peccatum
874 1903 1061 1982 destruatur,
1090 1903 1234 1968 moriatur

135 2033 207 2080 cero
229 2022 351 2097 nostra,
373 2019 458 2080 utin
480 2037 517 2081 ea
540 2019 635 2080 omnis
659 2017 743 2099 culpa
765 2018 908 2080 moriatur
928 2024 958 2080 et
976 2017 1062 2097 quasi
1084 2035 1125 2080 ex
1147 2033 1232 2080 mor-

134 2129 193 2194 tuis
216 2130 352 2194 viventes
375 2131 462 2194 novis
485 2147 678 2212 resurgamus
702 2131 843 2213 operibus
866 2147 902 2191 ec
923 2130 1065 2193 moribus.

226 2241 297 2308 187.
340 2245 421 2308 llaec
444 2251 514 2308 sunt
534 2244 623 2325 plena
645 2241 765 2307 honesti
787 2250 818 2307 et
841 2243 944 2307 decori
967 2243 1058 2306 officii
1085 2243 1233 2326 stipendia

136 2357 326 2422 fortitudinis.
371 2359 431 2426 Sed
455 2359 524 2441 quia
546 2360 576 2422 in
600 2359 754 2440 omnibus,
785 2377 862 2442 quac
888 2358 1020 2443 agimus,
1053 2375 1115 2422 non
1137 2357 1233 2422 solum

139 2473 210 2553 quid
233 2473 407 2554 honestum,
442 2473 496 2538 sed
528 2451 616 2537 etiarn
647 2474 717 2557 quid
746 2473 888 2556 possibile
910 2474 948 2537 sil
978 2473 1164 2556 quaerimus,
1194 2492 1233 2537 ne

138 2587 218 2652 forto
239 2587 448 2672 adgrediamur
471 2588 594 2671 aliquid,
618 2587 699 2670 quod
720 2607 782 2652 non
802 2588 951 2670 possimus
974 2587 1110 2668 exsequi.
1148 2584 1233 2650 Unde

136 2719 194 2766 nos
216 2710 353 2786 ternpore
377 2703 595 2785 persecutionis
617 2701 656 2766 de
679 2704 798 2768 civitate
820 2704 850 2766 in
875 2703 1023 2767 civitatem
1053 2701 1232 2783 concedere,

136 2814 243 2895 immo,
265 2819 297 2878 ut
311 2815 406 2878 verbo
423 2814 490 2897 ipso
511 2821 594 2894 utar,
615 2814 725 2897 sapere
748 2815 812 2879 vult
835 2804 986 2896 dominus,
1004 2811 1035 2898 ¹)
1058 2833 1097 2878 ne
1120 2822 1232 2880 temere

137 2927 261 3010 aliquis,
289 2929 358 2993 dum
381 2929 514 3012 martyrii
545 2927 697 2992 desideret
723 2929 866 3010 glorium,
897 2928 1004 2992 offerat
1025 2946 1060 2992 se
1081 2929 1232 3011 periculis,

137 3055 216 3119 quae
243 3037 373 3104 fortasse
403 3056 474 3103 coro
504 3039 646 3103 infirmior
677 3047 727 3103 aut
757 3041 912 3105 remissior
943 3041 1058 3106 animus
1088 3042 1232 3108 ferreae

137 3152 269 3218 tolerare
291 3171 353 3219 non
376 3160 473 3236 meat

485 3429 656 3497 orror
688 3431 882 3500 ιιιιιιιιιιι.

137 3592 268 3650 Adversus
288 3595 371 3648 futura
388 3593 549 3648 incommoda
567 3604 677 3648 menum
695 3597 877 3650 exercitatione
903 3595 1086 3664 roborandam,
1113 3613 1162 3652 uec
1180 3613 1231 3651 non

219 3682 415 3737 confirmandum
432 3681 625 3752 praevidentia3
646 3693 673 3738 et
691 3700 756 3753 quae
774 3682 815 3735 hio
836 3685 963 3736 incurrant
983 3682 1149 3739 difficultates.

228 3841 299 3910 188.
344 3845 408 3908 Nec
430 3861 534 3908 rursus
564 3851 688 3926 propter
717 3844 865 3926 ignaviam
894 3843 1006 3908 cedere
1026 3844 1092 3926 quir
1114 3862 1149 3909 oc
1172 3844 1230 3910 de-

136 3975 242 4024 serere
264 3958 353 4024 fidem
379 3958 470 4023 debet
499 3965 580 4023 metu
610 3957 743 4042 periculi.
789 3957 854 4032 Oua
882 3959 980 4043 pretio
1009 3958 1230 4042 praeparandus

207 4209 236 4282 1)
255 4209 342 4265 meu
361 4209 403 4279 ιο,
421 4209 463 4265 ro.

189 4305 350 4360 Διιιιοιιιιι.
1002 4303 1021 4370 7
