<?xml version="1.0" encoding="UTF-8"?>
<!DOCTYPE html PUBLIC "-//W3C//DTD XHTML 1.0 Transitional//EN"
    "http://www.w3.org/TR/xhtml1/DTD/xhtml1-transitional.dtd">
<html xmlns="http://www.w3.org/1999/xhtml" xml:lang="en" lang="en">
 <head>
  <title>
</title>
<meta http-equiv="Content-Type" content="text/html;charset=utf-8" />
  <meta name='ocr-system' content='tesseract 3.04.00' />
  <meta name='ocr-capabilities' content='ocr_page ocr_carea ocr_par ocr_line ocrx_word'/>
</head>
<body>
  <div class='ocr_page' id='page_1' title='image "./deofficiisminis01krabgoog_0086.png"; bbox 0 0 2932 4700; ppageno 0'>
   <div class='ocr_carea' id='block_1_1' title="bbox 405 349 1258 426">
    <p class='ocr_par' dir='ltr' id='par_1_1' title="bbox 405 349 1258 426">
     <span class='ocr_line' id='line_1_1' title="bbox 405 349 1258 426; baseline 0.002 -20"><span class='ocrx_word' id='word_1_1' title='bbox 405 352 451 407; x_wconf 84' lang='lat' dir='ltr'><strong>ou</strong></span> <span class='ocrx_word' id='word_1_2' title='bbox 472 351 609 410; x_wconf 87' lang='lat' dir='ltr'><strong>ormcus</strong></span> <span class='ocrx_word' id='word_1_3' title='bbox 627 349 851 408; x_wconf 87' lang='lat' dir='ltr'><strong>umumoaun</strong></span> <span class='ocrx_word' id='word_1_4' title='bbox 867 351 965 413; x_wconf 82' lang='lat' dir='ltr'><strong>anea</strong></span> <span class='ocrx_word' id='word_1_5' title='bbox 983 353 1003 410; x_wconf 89' lang='lat'><strong>1.</strong></span> <span class='ocrx_word' id='word_1_6' title='bbox 1207 357 1258 426; x_wconf 65' lang='lat' dir='ltr'><strong>pp</strong></span> 
     </span>
    </p>
   </div>
   <div class='ocr_carea' id='block_1_2' title="bbox 155 515 1268 2863">
    <p class='ocr_par' dir='ltr' id='par_1_2' title="bbox 155 515 1268 1148">
     <span class='ocr_line' id='line_1_2' title="bbox 155 515 1257 601; baseline -0.002 -19"><span class='ocrx_word' id='word_1_7' title='bbox 155 517 322 601; x_wconf 86' lang='lat' dir='ltr'><strong>Repetebat</strong></span> <span class='ocrx_word' id='word_1_8' title='bbox 344 515 423 582; x_wconf 86' lang='lat' dir='ltr'><strong>iilius</strong></span> <span class='ocrx_word' id='word_1_9' title='bbox 446 515 672 598; x_wconf 78' lang='lat' dir='ltr'><strong>appellationem</strong></span> <span class='ocrx_word' id='word_1_10' title='bbox 700 521 869 597; x_wconf 71' lang='lat' dir='ltr'><strong>patmum,</strong></span> <span class='ocrx_word' id='word_1_11' title='bbox 900 517 1112 599; x_wconf 86' lang='lat' dir='ltr'><strong>conpungebat</strong></span> <span class='ocrx_word' id='word_1_12' title='bbox 1134 519 1257 598; x_wconf 86' lang='lat' dir='ltr'><strong>paterna</strong></span> 
     </span>
     <span class='ocr_line' id='line_1_3' title="bbox 155 629 1257 713; baseline -0.001 -18"><span class='ocrx_word' id='word_1_13' title='bbox 155 633 288 713; x_wconf 87' lang='lat' dir='ltr'><strong>viscera,</strong></span> <span class='ocrx_word' id='word_1_14' title='bbox 324 630 379 695; x_wconf 89' lang='lat' dir='ltr'><strong>sed</strong></span> <span class='ocrx_word' id='word_1_15' title='bbox 409 648 469 693; x_wconf 91' lang='lat' dir='ltr'><strong>non</strong></span> <span class='ocrx_word' id='word_1_16' title='bbox 500 629 650 692; x_wconf 89' lang='lat' dir='ltr'><strong>minuebat</strong></span> <span class='ocrx_word' id='word_1_17' title='bbox 679 629 881 693; x_wconf 88' lang='lat' dir='ltr'><strong>devotionem.</strong></span> <span class='ocrx_word' id='word_1_18' title='bbox 933 629 1059 694; x_wconf 76' lang='lat' dir='ltr'><strong>Accedit</strong></span> <span class='ocrx_word' id='word_1_19' title='bbox 1092 638 1122 693; x_wconf 95' lang='lat' dir='ltr'><strong>et</strong></span> <span class='ocrx_word' id='word_1_20' title='bbox 1153 639 1257 712; x_wconf 86' lang='lat' dir='ltr'><strong>quarta</strong></span> 
     </span>
     <span class='ocr_line' id='line_1_4' title="bbox 155 742 1259 825; baseline 0 -17"><span class='ocrx_word' id='word_1_21' title='bbox 155 746 270 825; x_wconf 86' lang='lat' dir='ltr'><strong>virtus,</strong></span> <span class='ocrx_word' id='word_1_22' title='bbox 305 743 507 825; x_wconf 76' lang='lat' dir='ltr'><strong>temperantia.</strong></span> <span class='ocrx_word' id='word_1_23' title='bbox 562 742 695 806; x_wconf 79' lang='lat' dir='ltr'><strong>Tenebat</strong></span> <span class='ocrx_word' id='word_1_24' title='bbox 728 743 823 806; x_wconf 91' lang='lat' dir='ltr'><strong>iustus</strong></span> <span class='ocrx_word' id='word_1_25' title='bbox 860 750 890 806; x_wconf 90' lang='lat' dir='ltr'><strong>et</strong></span> <span class='ocrx_word' id='word_1_26' title='bbox 922 744 1040 824; x_wconf 87' lang='lat' dir='ltr'><strong>pietatis</strong></span> <span class='ocrx_word' id='word_1_27' title='bbox 1076 744 1195 808; x_wconf 90' lang='lat' dir='ltr'><strong>modum</strong></span> <span class='ocrx_word' id='word_1_28' title='bbox 1225 753 1259 808; x_wconf 85' lang='lat' dir='ltr'><strong>et</strong></span> 
     </span>
     <span class='ocr_line' id='line_1_5' title="bbox 157 855 1268 937; baseline 0.001 -17"><span class='ocrx_word' id='word_1_29' title='bbox 157 857 362 920; x_wconf 78' lang='lat' dir='ltr'><strong>exsecutionis</strong></span> <span class='ocrx_word' id='word_1_30' title='bbox 383 856 530 920; x_wconf 86' lang='lat' dir='ltr'><strong>ordinem.</strong></span> <span class='ocrx_word' id='word_1_31' title='bbox 569 856 706 936; x_wconf 86' lang='lat' dir='ltr'><strong>Denique</strong></span> <span class='ocrx_word' id='word_1_32' title='bbox 722 855 790 918; x_wconf 90' lang='lat' dir='ltr'><strong>dum</strong></span> <span class='ocrx_word' id='word_1_33' title='bbox 808 855 954 920; x_wconf 88' lang='lat' dir='ltr'><strong>sacrificio</strong></span> <span class='ocrx_word' id='word_1_34' title='bbox 977 857 1147 922; x_wconf 83' lang='lat' dir='ltr'><strong>necessaria</strong></span> <span class='ocrx_word' id='word_1_35' title='bbox 1167 858 1268 937; x_wconf 57' lang='lat' dir='ltr'><strong>vehit:</strong></span> 
     </span>
     <span class='ocr_line' id='line_1_6' title="bbox 158 969 1259 1054; baseline 0 -18"><span class='ocrx_word' id='word_1_36' title='bbox 158 972 228 1036; x_wconf 91' lang='lat' dir='ltr'><strong>dum</strong></span> <span class='ocrx_word' id='word_1_37' title='bbox 251 972 352 1054; x_wconf 86' lang='lat' dir='ltr'><strong>ignem</strong></span> <span class='ocrx_word' id='word_1_38' title='bbox 369 969 484 1050; x_wconf 77' lang='lat' dir='ltr'><strong>adolet,</strong></span> <span class='ocrx_word' id='word_1_39' title='bbox 508 971 576 1034; x_wconf 92' lang='lat' dir='ltr'><strong>dum</strong></span> <span class='ocrx_word' id='word_1_40' title='bbox 598 970 688 1034; x_wconf 87' lang='lat' dir='ltr'><strong>filium</strong></span> <span class='ocrx_word' id='word_1_41' title='bbox 705 971 796 1053; x_wconf 89' lang='lat' dir='ltr'><strong>ligat,</strong></span> <span class='ocrx_word' id='word_1_42' title='bbox 820 970 889 1034; x_wconf 90' lang='lat' dir='ltr'><strong>dum</strong></span> <span class='ocrx_word' id='word_1_43' title='bbox 911 969 1041 1054; x_wconf 76' lang='lat' dir='ltr'><strong>gladium</strong></span> <span class='ocrx_word' id='word_1_44' title='bbox 1064 969 1177 1051; x_wconf 91' lang='lat' dir='ltr'><strong>educit,</strong></span> <span class='ocrx_word' id='word_1_45' title='bbox 1200 971 1259 1036; x_wconf 90' lang='lat' dir='ltr'><strong>boo</strong></span> 
     </span>
     <span class='ocr_line' id='line_1_7' title="bbox 156 1083 961 1148; baseline 0 0"><span class='ocrx_word' id='word_1_46' title='bbox 156 1084 327 1148; x_wconf 91' lang='lat' dir='ltr'><strong>immolandi</strong></span> <span class='ocrx_word' id='word_1_47' title='bbox 350 1085 456 1148; x_wconf 90' lang='lat' dir='ltr'><strong>ordine</strong></span> <span class='ocrx_word' id='word_1_48' title='bbox 479 1085 586 1148; x_wconf 90' lang='lat' dir='ltr'><strong>meruit</strong></span> <span class='ocrx_word' id='word_1_49' title='bbox 607 1092 640 1147; x_wconf 88' lang='lat' dir='ltr'><strong>ut</strong></span> <span class='ocrx_word' id='word_1_50' title='bbox 663 1083 754 1148; x_wconf 86' lang='lat' dir='ltr'><strong>tilium</strong></span> <span class='ocrx_word' id='word_1_51' title='bbox 778 1091 961 1148; x_wconf 87' lang='lat' dir='ltr'><strong>reservaret.</strong></span> 
     </span>
    </p>

    <p class='ocr_par' dir='ltr' id='par_1_3' title="bbox 158 1193 1262 2074">
     <span class='ocr_line' id='line_1_8' title="bbox 247 1193 1261 1282; baseline 0.007 -24"><span class='ocrx_word' id='word_1_52' title='bbox 247 1193 316 1259; x_wconf 81' lang='lat'><strong>120.</strong></span> <span class='ocrx_word' id='word_1_53' title='bbox 364 1196 441 1270; x_wconf 80' lang='lat' dir='ltr'><strong>Quid</strong></span> <span class='ocrx_word' id='word_1_54' title='bbox 473 1197 638 1277; x_wconf 86' lang='lat' dir='ltr'><strong>sapientius</strong></span> <span class='ocrx_word' id='word_1_55' title='bbox 669 1204 773 1259; x_wconf 89' lang='lat' dir='ltr'><strong>sancto</strong></span> <span class='ocrx_word' id='word_1_56' title='bbox 804 1197 911 1278; x_wconf 92' lang='lat' dir='ltr'><strong>lacob,</strong></span> <span class='ocrx_word' id='word_1_57' title='bbox 930 1194 960 1282; x_wconf 85' lang='lat'><strong>¹)</strong></span> <span class='ocrx_word' id='word_1_58' title='bbox 991 1200 1041 1280; x_wconf 88' lang='lat' dir='ltr'><strong>qui</strong></span> <span class='ocrx_word' id='word_1_59' title='bbox 1070 1199 1156 1263; x_wconf 92' lang='lat' dir='ltr'><strong>deum</strong></span> <span class='ocrx_word' id='word_1_60' title='bbox 1188 1201 1261 1266; x_wconf 90' lang='lat' dir='ltr'><strong>vidit</strong></span> 
     </span>
     <span class='ocr_line' id='line_1_9' title="bbox 158 1308 1261 1395; baseline 0.005 -24"><span class='ocrx_word' id='word_1_61' title='bbox 158 1308 234 1372; x_wconf 82' lang='lat' dir='ltr'><strong>facie</strong></span> <span class='ocrx_word' id='word_1_62' title='bbox 259 1309 296 1372; x_wconf 92' lang='lat' dir='ltr'><strong>ad</strong></span> <span class='ocrx_word' id='word_1_63' title='bbox 321 1308 428 1372; x_wconf 87' lang='lat' dir='ltr'><strong>faciem</strong></span> <span class='ocrx_word' id='word_1_64' title='bbox 452 1318 482 1372; x_wconf 89' lang='lat' dir='ltr'><strong>et</strong></span> <span class='ocrx_word' id='word_1_65' title='bbox 507 1309 748 1374; x_wconf 85' lang='lat' dir='ltr'><strong>benedictionem</strong></span> <span class='ocrx_word' id='word_1_66' title='bbox 778 1313 910 1374; x_wconf 79' lang='lat' dir='ltr'><strong>meruit?</strong></span> <span class='ocrx_word' id='word_1_67' title='bbox 956 1313 1033 1387; x_wconf 84' lang='lat' dir='ltr'><strong>Quid</strong></span> <span class='ocrx_word' id='word_1_68' title='bbox 1056 1315 1178 1394; x_wconf 88' lang='lat' dir='ltr'><strong>iustius,</strong></span> <span class='ocrx_word' id='word_1_69' title='bbox 1210 1315 1261 1395; x_wconf 87' lang='lat' dir='ltr'><strong>qui</strong></span> 
     </span>
     <span class='ocr_line' id='line_1_10' title="bbox 158 1423 1261 1504; baseline 0.004 -18"><span class='ocrx_word' id='word_1_70' title='bbox 158 1441 212 1503; x_wconf 91' lang='lat' dir='ltr'><strong>ca,</strong></span> <span class='ocrx_word' id='word_1_71' title='bbox 244 1442 321 1504; x_wconf 90' lang='lat' dir='ltr'><strong>quae</strong></span> <span class='ocrx_word' id='word_1_72' title='bbox 347 1423 544 1504; x_wconf 83' lang='lat' dir='ltr'><strong>adquisierat,</strong></span> <span class='ocrx_word' id='word_1_73' title='bbox 576 1424 680 1488; x_wconf 90' lang='lat' dir='ltr'><strong>oblatis</strong></span> <span class='ocrx_word' id='word_1_74' title='bbox 713 1425 885 1488; x_wconf 88' lang='lat' dir='ltr'><strong>muneribus</strong></span> <span class='ocrx_word' id='word_1_75' title='bbox 917 1444 983 1488; x_wconf 93' lang='lat' dir='ltr'><strong>cum</strong></span> <span class='ocrx_word' id='word_1_76' title='bbox 1018 1425 1110 1489; x_wconf 83' lang='lat' dir='ltr'><strong>tratre</strong></span> <span class='ocrx_word' id='word_1_77' title='bbox 1138 1428 1261 1491; x_wconf 81' lang='lat' dir='ltr'><strong>divisit?</strong></span> 
     </span>
     <span class='ocr_line' id='line_1_11' title="bbox 159 1535 1262 1624; baseline 0.005 -26"><span class='ocrx_word' id='word_1_78' title='bbox 159 1535 237 1610; x_wconf 82' lang='lat' dir='ltr'><strong>Ouid</strong></span> <span class='ocrx_word' id='word_1_79' title='bbox 259 1535 375 1616; x_wconf 83' lang='lat' dir='ltr'><strong>fortius,</strong></span> <span class='ocrx_word' id='word_1_80' title='bbox 398 1537 449 1617; x_wconf 85' lang='lat' dir='ltr'><strong>qui</strong></span> <span class='ocrx_word' id='word_1_81' title='bbox 475 1555 540 1599; x_wconf 86' lang='lat' dir='ltr'><strong>cum</strong></span> <span class='ocrx_word' id='word_1_82' title='bbox 557 1537 616 1600; x_wconf 89' lang='lat' dir='ltr'><strong>deo</strong></span> <span class='ocrx_word' id='word_1_83' title='bbox 632 1537 758 1600; x_wconf 86' lang='lat' dir='ltr'><strong>luctatus</strong></span> <span class='ocrx_word' id='word_1_84' title='bbox 775 1537 847 1600; x_wconf 84' lang='lat' dir='ltr'><strong>est?</strong></span> <span class='ocrx_word' id='word_1_85' title='bbox 891 1538 969 1612; x_wconf 82' lang='lat' dir='ltr'><strong>Ouid</strong></span> <span class='ocrx_word' id='word_1_86' title='bbox 992 1539 1155 1606; x_wconf 89' lang='lat' dir='ltr'><strong>modestius</strong></span> <span class='ocrx_word' id='word_1_87' title='bbox 1179 1537 1262 1624; x_wconf 91' lang='lat' dir='ltr'><strong>[eo],</strong></span> 
     </span>
     <span class='ocr_line' id='line_1_12' title="bbox 159 1650 1262 1734; baseline 0.002 -20"><span class='ocrx_word' id='word_1_88' title='bbox 159 1651 209 1731; x_wconf 89' lang='lat' dir='ltr'><strong>qui</strong></span> <span class='ocrx_word' id='word_1_89' title='bbox 240 1650 413 1714; x_wconf 89' lang='lat' dir='ltr'><strong>modestiam</strong></span> <span class='ocrx_word' id='word_1_90' title='bbox 440 1652 479 1714; x_wconf 91' lang='lat' dir='ltr'><strong>ita</strong></span> <span class='ocrx_word' id='word_1_91' title='bbox 502 1658 533 1713; x_wconf 94' lang='lat' dir='ltr'><strong>et</strong></span> <span class='ocrx_word' id='word_1_92' title='bbox 554 1651 629 1714; x_wconf 89' lang='lat' dir='ltr'><strong>locis</strong></span> <span class='ocrx_word' id='word_1_93' title='bbox 653 1657 683 1714; x_wconf 89' lang='lat' dir='ltr'><strong>et</strong></span> <span class='ocrx_word' id='word_1_94' title='bbox 705 1653 889 1734; x_wconf 88' lang='lat' dir='ltr'><strong>temporibus</strong></span> <span class='ocrx_word' id='word_1_95' title='bbox 919 1652 1090 1732; x_wconf 85' lang='lat' dir='ltr'><strong>deferebat,</strong></span> <span class='ocrx_word' id='word_1_96' title='bbox 1124 1661 1154 1716; x_wconf 92' lang='lat' dir='ltr'><strong>ut</strong></span> <span class='ocrx_word' id='word_1_97' title='bbox 1184 1652 1262 1716; x_wconf 87' lang='lat' dir='ltr'><strong>filiae</strong></span> 
     </span>
     <span class='ocr_line' id='line_1_13' title="bbox 159 1763 1262 1846; baseline 0.002 -21"><span class='ocrx_word' id='word_1_98' title='bbox 159 1763 295 1827; x_wconf 89' lang='lat' dir='ltr'><strong>iniuriam</strong></span> <span class='ocrx_word' id='word_1_99' title='bbox 318 1763 417 1827; x_wconf 89' lang='lat' dir='ltr'><strong>mallet</strong></span> <span class='ocrx_word' id='word_1_100' title='bbox 437 1770 619 1845; x_wconf 86' lang='lat' dir='ltr'><strong>praetexere</strong></span> <span class='ocrx_word' id='word_1_101' title='bbox 643 1764 800 1846; x_wconf 90' lang='lat' dir='ltr'><strong>coniugio,</strong></span> <span class='ocrx_word' id='word_1_102' title='bbox 825 1783 912 1845; x_wconf 90' lang='lat' dir='ltr'><strong>quam</strong></span> <span class='ocrx_word' id='word_1_103' title='bbox 932 1765 1099 1843; x_wconf 86' lang='lat' dir='ltr'><strong>vindicare,</strong></span> <span class='ocrx_word' id='word_1_104' title='bbox 1123 1783 1161 1829; x_wconf 90' lang='lat' dir='ltr'><strong>eo</strong></span> <span class='ocrx_word' id='word_1_105' title='bbox 1181 1764 1262 1846; x_wconf 90' lang='lat' dir='ltr'><strong>quod</strong></span> 
     </span>
     <span class='ocr_line' id='line_1_14' title="bbox 159 1876 1262 1960; baseline 0.004 -22"><span class='ocrx_word' id='word_1_106' title='bbox 159 1877 235 1939; x_wconf 89' lang='lat' dir='ltr'><strong>inter</strong></span> <span class='ocrx_word' id='word_1_107' title='bbox 266 1876 381 1940; x_wconf 84' lang='lat' dir='ltr'><strong>alienos</strong></span> <span class='ocrx_word' id='word_1_108' title='bbox 411 1877 526 1957; x_wconf 89' lang='lat' dir='ltr'><strong>positus</strong></span> <span class='ocrx_word' id='word_1_109' title='bbox 557 1877 650 1940; x_wconf 89' lang='lat' dir='ltr'><strong>amori</strong></span> <span class='ocrx_word' id='word_1_110' title='bbox 681 1878 779 1958; x_wconf 91' lang='lat' dir='ltr'><strong>potius</strong></span> <span class='ocrx_word' id='word_1_111' title='bbox 811 1877 1044 1958; x_wconf 89' lang='lat' dir='ltr'><strong>consulendum,</strong></span> <span class='ocrx_word' id='word_1_112' title='bbox 1076 1897 1164 1960; x_wconf 86' lang='lat' dir='ltr'><strong>quam</strong></span> <span class='ocrx_word' id='word_1_113' title='bbox 1194 1877 1262 1942; x_wconf 89' lang='lat' dir='ltr'><strong>odia</strong></span> 
     </span>
     <span class='ocr_line' id='line_1_15' title="bbox 161 1989 524 2074; baseline -0.008 -21"><span class='ocrx_word' id='word_1_114' title='bbox 161 1990 333 2074; x_wconf 89' lang='lat' dir='ltr'><strong>colligenda</strong></span> <span class='ocrx_word' id='word_1_115' title='bbox 357 1989 524 2052; x_wconf 83' lang='lat' dir='ltr'><strong>censebat?</strong></span> 
     </span>
    </p>

    <p class='ocr_par' dir='ltr' id='par_1_4' title="bbox 162 2099 1265 2863">
     <span class='ocr_line' id='line_1_16' title="bbox 248 2099 1262 2187; baseline -0.004 -19"><span class='ocrx_word' id='word_1_116' title='bbox 248 2102 320 2168; x_wconf 82' lang='lat'><strong>121.</strong></span> <span class='ocrx_word' id='word_1_117' title='bbox 366 2104 432 2166; x_wconf 89' lang='lat' dir='ltr'><strong>Noe</strong></span> <span class='ocrx_word' id='word_1_118' title='bbox 446 2099 479 2187; x_wconf 72' lang='lat'><strong>⁹)</strong></span> <span class='ocrx_word' id='word_1_119' title='bbox 502 2121 589 2183; x_wconf 85' lang='lat' dir='ltr'><strong>quam</strong></span> <span class='ocrx_word' id='word_1_120' title='bbox 610 2103 747 2183; x_wconf 90' lang='lat' dir='ltr'><strong>sapiens,</strong></span> <span class='ocrx_word' id='word_1_121' title='bbox 770 2102 820 2182; x_wconf 87' lang='lat' dir='ltr'><strong>qui</strong></span> <span class='ocrx_word' id='word_1_122' title='bbox 839 2109 947 2165; x_wconf 90' lang='lat' dir='ltr'><strong>tantam</strong></span> <span class='ocrx_word' id='word_1_123' title='bbox 970 2101 1126 2165; x_wconf 81' lang='lat' dir='ltr'><strong>fabricavit</strong></span> <span class='ocrx_word' id='word_1_124' title='bbox 1147 2103 1262 2165; x_wconf 80' lang='lat' dir='ltr'><strong>arcam!</strong></span> 
     </span>
     <span class='ocr_line' id='line_1_17' title="bbox 165 2214 1264 2296; baseline -0.002 -16"><span class='ocrx_word' id='word_1_125' title='bbox 165 2217 258 2292; x_wconf 83' lang='lat' dir='ltr'><strong>Onam</strong></span> <span class='ocrx_word' id='word_1_126' title='bbox 294 2217 408 2296; x_wconf 87' lang='lat' dir='ltr'><strong>iustus,</strong></span> <span class='ocrx_word' id='word_1_127' title='bbox 442 2217 492 2296; x_wconf 92' lang='lat' dir='ltr'><strong>qui</strong></span> <span class='ocrx_word' id='word_1_128' title='bbox 526 2215 563 2278; x_wconf 90' lang='lat' dir='ltr'><strong>ad</strong></span> <span class='ocrx_word' id='word_1_129' title='bbox 597 2234 700 2278; x_wconf 91' lang='lat' dir='ltr'><strong>semen</strong></span> <span class='ocrx_word' id='word_1_130' title='bbox 736 2216 866 2278; x_wconf 91' lang='lat' dir='ltr'><strong>omnium</strong></span> <span class='ocrx_word' id='word_1_131' title='bbox 899 2221 1071 2278; x_wconf 86' lang='lat' dir='ltr'><strong>reservatus</strong></span> <span class='ocrx_word' id='word_1_132' title='bbox 1107 2214 1188 2278; x_wconf 91' lang='lat' dir='ltr'><strong>solus</strong></span> <span class='ocrx_word' id='word_1_133' title='bbox 1224 2234 1264 2278; x_wconf 89' lang='lat' dir='ltr'><strong>cx</strong></span> 
     </span>
     <span class='ocr_line' id='line_1_18' title="bbox 165 2327 1265 2410; baseline 0 -20"><span class='ocrx_word' id='word_1_134' title='bbox 165 2328 300 2391; x_wconf 89' lang='lat' dir='ltr'><strong>omnibus</strong></span> <span class='ocrx_word' id='word_1_135' title='bbox 332 2333 362 2389; x_wconf 92' lang='lat' dir='ltr'><strong>et</strong></span> <span class='ocrx_word' id='word_1_136' title='bbox 391 2328 570 2409; x_wconf 88' lang='lat' dir='ltr'><strong>praeteritae</strong></span> <span class='ocrx_word' id='word_1_137' title='bbox 604 2327 809 2410; x_wconf 81' lang='lat' dir='ltr'><strong>generationis</strong></span> <span class='ocrx_word' id='word_1_138' title='bbox 841 2331 996 2408; x_wconf 90' lang='lat' dir='ltr'><strong>superstes</strong></span> <span class='ocrx_word' id='word_1_139' title='bbox 1030 2334 1075 2391; x_wconf 93' lang='lat' dir='ltr'><strong>est</strong></span> <span class='ocrx_word' id='word_1_140' title='bbox 1105 2328 1201 2392; x_wconf 83' lang='lat' dir='ltr'><strong>factus</strong></span> <span class='ocrx_word' id='word_1_141' title='bbox 1234 2335 1265 2391; x_wconf 89' lang='lat' dir='ltr'><strong>et</strong></span> 
     </span>
     <span class='ocr_line' id='line_1_19' title="bbox 163 2440 1264 2525; baseline 0 -23"><span class='ocrx_word' id='word_1_142' title='bbox 163 2447 269 2503; x_wconf 91' lang='lat' dir='ltr'><strong>auctor</strong></span> <span class='ocrx_word' id='word_1_143' title='bbox 301 2440 435 2519; x_wconf 88' lang='lat' dir='ltr'><strong>futurae,</strong></span> <span class='ocrx_word' id='word_1_144' title='bbox 465 2440 575 2505; x_wconf 90' lang='lat' dir='ltr'><strong>mundo</strong></span> <span class='ocrx_word' id='word_1_145' title='bbox 606 2441 704 2521; x_wconf 88' lang='lat' dir='ltr'><strong>potius</strong></span> <span class='ocrx_word' id='word_1_146' title='bbox 727 2447 757 2502; x_wconf 90' lang='lat' dir='ltr'><strong>et</strong></span> <span class='ocrx_word' id='word_1_147' title='bbox 772 2440 928 2504; x_wconf 89' lang='lat' dir='ltr'><strong>universis</strong></span> <span class='ocrx_word' id='word_1_148' title='bbox 952 2442 1066 2525; x_wconf 90' lang='lat' dir='ltr'><strong>magis,</strong></span> <span class='ocrx_word' id='word_1_149' title='bbox 1098 2460 1185 2522; x_wconf 85' lang='lat' dir='ltr'><strong>quam</strong></span> <span class='ocrx_word' id='word_1_150' title='bbox 1207 2441 1264 2504; x_wconf 92' lang='lat' dir='ltr'><strong>sibi</strong></span> 
     </span>
     <span class='ocr_line' id='line_1_20' title="bbox 162 2553 1264 2637; baseline 0 -19"><span class='ocrx_word' id='word_1_151' title='bbox 162 2553 266 2618; x_wconf 91' lang='lat' dir='ltr'><strong>natust</strong></span> <span class='ocrx_word' id='word_1_152' title='bbox 312 2554 406 2628; x_wconf 80' lang='lat' dir='ltr'><strong>Quam</strong></span> <span class='ocrx_word' id='word_1_153' title='bbox 430 2553 532 2633; x_wconf 89' lang='lat' dir='ltr'><strong>fortis,</strong></span> <span class='ocrx_word' id='word_1_154' title='bbox 555 2562 588 2616; x_wconf 93' lang='lat' dir='ltr'><strong>ut</strong></span> <span class='ocrx_word' id='word_1_155' title='bbox 611 2553 752 2617; x_wconf 84' lang='lat' dir='ltr'><strong>diluvium</strong></span> <span class='ocrx_word' id='word_1_156' title='bbox 775 2555 925 2618; x_wconf 76' lang='lat' dir='ltr'><strong>vinceret!</strong></span> <span class='ocrx_word' id='word_1_157' title='bbox 969 2555 1062 2630; x_wconf 80' lang='lat' dir='ltr'><strong>Quam</strong></span> <span class='ocrx_word' id='word_1_158' title='bbox 1085 2562 1264 2637; x_wconf 71' lang='lat' dir='ltr'><strong>temperans</strong></span> 
     </span>
     <span class='ocr_line' id='line_1_21' title="bbox 162 2665 1264 2750; baseline 0.005 -23"><span class='ocrx_word' id='word_1_159' title='bbox 162 2673 196 2728; x_wconf 94' lang='lat' dir='ltr'><strong>ut</strong></span> <span class='ocrx_word' id='word_1_160' title='bbox 219 2665 361 2730; x_wconf 91' lang='lat' dir='ltr'><strong>diluvium</strong></span> <span class='ocrx_word' id='word_1_161' title='bbox 384 2667 542 2744; x_wconf 85' lang='lat' dir='ltr'><strong>toleraret;</strong></span> <span class='ocrx_word' id='word_1_162' title='bbox 574 2667 693 2748; x_wconf 85' lang='lat' dir='ltr'><strong>quando</strong></span> <span class='ocrx_word' id='word_1_163' title='bbox 717 2669 870 2748; x_wconf 90' lang='lat' dir='ltr'><strong>introiret,</strong></span> <span class='ocrx_word' id='word_1_164' title='bbox 894 2687 952 2750; x_wconf 90' lang='lat' dir='ltr'><strong>qua</strong></span> <span class='ocrx_word' id='word_1_165' title='bbox 976 2670 1183 2734; x_wconf 89' lang='lat' dir='ltr'><strong>moderatione</strong></span> <span class='ocrx_word' id='word_1_166' title='bbox 1206 2670 1264 2732; x_wconf 89' lang='lat' dir='ltr'><strong>de-</strong></span> 
     </span>
     <span class='ocr_line' id='line_1_22' title="bbox 162 2780 1265 2863; baseline 0.004 -22"><span class='ocrx_word' id='word_1_167' title='bbox 162 2786 266 2862; x_wconf 84' lang='lat' dir='ltr'><strong>geret,</strong></span> <span class='ocrx_word' id='word_1_168' title='bbox 295 2780 413 2861; x_wconf 88' lang='lat' dir='ltr'><strong>quando</strong></span> <span class='ocrx_word' id='word_1_169' title='bbox 437 2800 578 2860; x_wconf 90' lang='lat' dir='ltr'><strong>corvum,</strong></span> <span class='ocrx_word' id='word_1_170' title='bbox 609 2782 730 2862; x_wconf 88' lang='lat' dir='ltr'><strong>quando</strong></span> <span class='ocrx_word' id='word_1_171' title='bbox 754 2782 920 2846; x_wconf 87' lang='lat' dir='ltr'><strong>columbam</strong></span> <span class='ocrx_word' id='word_1_172' title='bbox 944 2783 1121 2863; x_wconf 90' lang='lat' dir='ltr'><strong>dimitteret,</strong></span> <span class='ocrx_word' id='word_1_173' title='bbox 1145 2781 1265 2863; x_wconf 76' lang='lat' dir='ltr'><strong>quarmo</strong></span> 
     </span>
    </p>
   </div>
   <div class='ocr_carea' id='block_1_3' title="bbox 162 2881 1265 3088">
    <p class='ocr_par' dir='ltr' id='par_1_5' title="bbox 162 2881 1265 3088">
     <span class='ocr_line' id='line_1_23' title="bbox 162 2881 1265 2978; baseline 0.003 -24"><span class='ocrx_word' id='word_1_174' title='bbox 162 2893 312 2974; x_wconf 90' lang='lat' dir='ltr'><strong>reciperet</strong></span> <span class='ocrx_word' id='word_1_175' title='bbox 335 2881 542 2976; x_wconf 78' lang='lat' dir='ltr'><strong>revertentes,</strong></span> <span class='ocrx_word' id='word_1_176' title='bbox 566 2896 686 2976; x_wconf 88' lang='lat' dir='ltr'><strong>quando</strong></span> <span class='ocrx_word' id='word_1_177' title='bbox 711 2894 842 2958; x_wconf 88' lang='lat' dir='ltr'><strong>exeundi</strong></span> <span class='ocrx_word' id='word_1_178' title='bbox 867 2897 1097 2978; x_wconf 89' lang='lat' dir='ltr'><strong>oportunitatem</strong></span> <span class='ocrx_word' id='word_1_179' title='bbox 1121 2902 1265 2977; x_wconf 88' lang='lat' dir='ltr'><strong>captaret,</strong></span> 
     </span>
     <span class='ocr_line' id='line_1_24' title="bbox 163 3005 1260 3088; baseline 0.004 -22"><span class='ocrx_word' id='word_1_180' title='bbox 163 3005 362 3088; x_wconf 78' lang='lat' dir='ltr'><strong>agnosceret!</strong></span> <span class='ocrx_word' id='word_1_181' title='bbox 1257 3011 1260 3018; x_wconf 83' lang='lat'>&#39;</span> 
     </span>
    </p>
   </div>
   <div class='ocr_carea' id='block_1_4' title="bbox 546 3238 882 3306">
    <p class='ocr_par' dir='ltr' id='par_1_6' title="bbox 546 3238 882 3306">
     <span class='ocr_line' id='line_1_25' title="bbox 546 3238 882 3306; baseline -0.006 -1"><span class='ocrx_word' id='word_1_182' title='bbox 546 3238 721 3306; x_wconf 79' lang='lat' dir='ltr'><strong>CAPUT</strong></span> <span class='ocrx_word' id='word_1_183' title='bbox 755 3238 882 3306; x_wconf 90' lang='lat' dir='ltr'><strong>XXVI.</strong></span> 
     </span>
    </p>
   </div>
   <div class='ocr_carea' id='block_1_5' title="bbox 163 3403 1266 3734">
    <p class='ocr_par' dir='ltr' id='par_1_7' title="bbox 165 3403 1265 3472">
     <span class='ocr_line' id='line_1_26' title="bbox 165 3403 1265 3472; baseline 0.002 -18"><span class='ocrx_word' id='word_1_184' title='bbox 165 3403 194 3454; x_wconf 92' lang='lat' dir='ltr'><strong>ln</strong></span> <span class='ocrx_word' id='word_1_185' title='bbox 214 3403 366 3472; x_wconf 87' lang='lat' dir='ltr'><strong>inquirenda</strong></span> <span class='ocrx_word' id='word_1_186' title='bbox 386 3404 495 3455; x_wconf 83' lang='lat' dir='ltr'><strong>veritate</strong></span> <span class='ocrx_word' id='word_1_187' title='bbox 510 3412 597 3456; x_wconf 87' lang='lat' dir='ltr'><strong>contra</strong></span> <span class='ocrx_word' id='word_1_188' title='bbox 611 3421 655 3456; x_wconf 85' lang='lat' dir='ltr'><strong>sua</strong></span> <span class='ocrx_word' id='word_1_189' title='bbox 669 3413 806 3472; x_wconf 85' lang='lat' dir='ltr'><strong>praecepta</strong></span> <span class='ocrx_word' id='word_1_190' title='bbox 825 3419 948 3472; x_wconf 86' lang='lat' dir='ltr'><strong>peccasse</strong></span> <span class='ocrx_word' id='word_1_191' title='bbox 966 3403 1141 3472; x_wconf 86' lang='lat' dir='ltr'><strong>philosophos,</strong></span> <span class='ocrx_word' id='word_1_192' title='bbox 1160 3403 1265 3469; x_wconf 85' lang='lat' dir='ltr'><strong>Moysen</strong></span> 
     </span>
    </p>

    <p class='ocr_par' dir='ltr' id='par_1_8' title="bbox 163 3489 1266 3559">
     <span class='ocr_line' id='line_1_27' title="bbox 163 3489 1266 3559; baseline -0.001 -17"><span class='ocrx_word' id='word_1_193' title='bbox 163 3505 228 3542; x_wconf 84' lang='lat' dir='ltr'><strong>vero</strong></span> <span class='ocrx_word' id='word_1_194' title='bbox 255 3490 303 3542; x_wconf 84' lang='lat' dir='ltr'><strong>iilis</strong></span> <span class='ocrx_word' id='word_1_195' title='bbox 327 3493 509 3558; x_wconf 87' lang='lat' dir='ltr'><strong>sapientiorem</strong></span> <span class='ocrx_word' id='word_1_196' title='bbox 534 3508 562 3544; x_wconf 90' lang='lat' dir='ltr'><strong>se</strong></span> <span class='ocrx_word' id='word_1_197' title='bbox 587 3492 744 3559; x_wconf 86' lang='lat' dir='ltr'><strong>praebuisse.</strong></span> <span class='ocrx_word' id='word_1_198' title='bbox 780 3492 819 3544; x_wconf 87' lang='lat' dir='ltr'><strong>Eo</strong></span> <span class='ocrx_word' id='word_1_199' title='bbox 844 3492 932 3544; x_wconf 90' lang='lat' dir='ltr'><strong>maiori</strong></span> <span class='ocrx_word' id='word_1_200' title='bbox 959 3489 1043 3542; x_wconf 78' lang='lat' dir='ltr'><strong>studio</strong></span> <span class='ocrx_word' id='word_1_201' title='bbox 1069 3490 1214 3541; x_wconf 86' lang='lat' dir='ltr'><strong>enitendum</strong></span> <span class='ocrx_word' id='word_1_202' title='bbox 1234 3491 1266 3541; x_wconf 90' lang='lat' dir='ltr'><strong>ad</strong></span> 
     </span>
    </p>

    <p class='ocr_par' dir='ltr' id='par_1_9' title="bbox 165 3575 1265 3734">
     <span class='ocr_line' id='line_1_28' title="bbox 165 3575 1265 3647; baseline 0 -20"><span class='ocrx_word' id='word_1_203' title='bbox 165 3576 352 3645; x_wconf 79' lang='lat' dir='ltr'><strong>conparandam</strong></span> <span class='ocrx_word' id='word_1_204' title='bbox 371 3580 541 3646; x_wconf 82' lang='lat' dir='ltr'><strong>sapientiam,</strong></span> <span class='ocrx_word' id='word_1_205' title='bbox 560 3593 611 3647; x_wconf 87' lang='lat' dir='ltr'><strong>qno</strong></span> <span class='ocrx_word' id='word_1_206' title='bbox 631 3577 712 3631; x_wconf 84' lang='lat' dir='ltr'><strong>maior</strong></span> <span class='ocrx_word' id='word_1_207' title='bbox 730 3588 768 3630; x_wconf 86' lang='lat' dir='ltr'><strong>est</strong></span> <span class='ocrx_word' id='word_1_208' title='bbox 786 3579 865 3646; x_wconf 88' lang='lat' dir='ltr'><strong>ipsius</strong></span> <span class='ocrx_word' id='word_1_209' title='bbox 885 3577 1013 3645; x_wconf 86' lang='lat' dir='ltr'><strong>dignitas,</strong></span> <span class='ocrx_word' id='word_1_210' title='bbox 1032 3575 1063 3625; x_wconf 89' lang='lat' dir='ltr'><strong>ad</strong></span> <span class='ocrx_word' id='word_1_211' title='bbox 1083 3591 1157 3642; x_wconf 89' lang='lat' dir='ltr'><strong>quam</strong></span> <span class='ocrx_word' id='word_1_212' title='bbox 1177 3591 1265 3628; x_wconf 87' lang='lat' dir='ltr'><strong>omnes</strong></span> 
     </span>
     <span class='ocr_line' id='line_1_29' title="bbox 544 3666 890 3734; baseline 0.003 -19"><span class='ocrx_word' id='word_1_213' title='bbox 544 3668 599 3732; x_wconf 88' lang='lat' dir='ltr'><strong>ipsa</strong></span> <span class='ocrx_word' id='word_1_214' title='bbox 618 3676 707 3718; x_wconf 88' lang='lat' dir='ltr'><strong>natura</strong></span> <span class='ocrx_word' id='word_1_215' title='bbox 727 3666 890 3734; x_wconf 88' lang='lat' dir='ltr'><strong>inpelluntur.</strong></span> 
     </span>
    </p>
   </div>
   <div class='ocr_carea' id='block_1_6' title="bbox 165 3804 1268 4001">
    <p class='ocr_par' dir='ltr' id='par_1_10' title="bbox 165 3804 1268 4001">
     <span class='ocr_line' id='line_1_30' title="bbox 255 3804 1266 3890; baseline -0.005 -18"><span class='ocrx_word' id='word_1_216' title='bbox 255 3804 325 3872; x_wconf 84' lang='lat'><strong>122.</strong></span> <span class='ocrx_word' id='word_1_217' title='bbox 371 3808 473 3888; x_wconf 87' lang='lat' dir='ltr'><strong>Itaque</strong></span> <span class='ocrx_word' id='word_1_218' title='bbox 490 3814 615 3870; x_wconf 88' lang='lat' dir='ltr'><strong>tractant</strong></span> <span class='ocrx_word' id='word_1_219' title='bbox 630 3809 660 3870; x_wconf 93' lang='lat' dir='ltr'><strong>in</strong></span> <span class='ocrx_word' id='word_1_220' title='bbox 676 3808 741 3870; x_wconf 85' lang='lat' dir='ltr'><strong>veri</strong></span> <span class='ocrx_word' id='word_1_221' title='bbox 756 3807 987 3890; x_wconf 82' lang='lat' dir='ltr'><strong>investigatione</strong></span> <span class='ocrx_word' id='word_1_222' title='bbox 1011 3805 1171 3868; x_wconf 90' lang='lat' dir='ltr'><strong>tenendum</strong></span> <span class='ocrx_word' id='word_1_223' title='bbox 1194 3805 1266 3869; x_wconf 91' lang='lat' dir='ltr'><strong>illud</strong></span> 
     </span>
     <span class='ocr_line' id='line_1_31' title="bbox 165 3919 1268 4001; baseline -0.002 -17"><span class='ocrx_word' id='word_1_224' title='bbox 165 3921 330 4001; x_wconf 88' lang='lat' dir='ltr'><strong>decorum,</strong></span> <span class='ocrx_word' id='word_1_225' title='bbox 366 3927 397 3982; x_wconf 93' lang='lat' dir='ltr'><strong>ut</strong></span> <span class='ocrx_word' id='word_1_226' title='bbox 420 3940 534 3984; x_wconf 88' lang='lat' dir='ltr'><strong>summo</strong></span> <span class='ocrx_word' id='word_1_227' title='bbox 559 3921 656 3985; x_wconf 91' lang='lat' dir='ltr'><strong>studio</strong></span> <span class='ocrx_word' id='word_1_228' title='bbox 682 3922 870 4001; x_wconf 87' lang='lat' dir='ltr'><strong>requiramus</strong></span> <span class='ocrx_word' id='word_1_229' title='bbox 902 3920 972 4000; x_wconf 87' lang='lat' dir='ltr'><strong>quid</strong></span> <span class='ocrx_word' id='word_1_230' title='bbox 996 3938 1098 3983; x_wconf 89' lang='lat' dir='ltr'><strong>verum</strong></span> <span class='ocrx_word' id='word_1_231' title='bbox 1122 3919 1176 3998; x_wconf 89' lang='lat' dir='ltr'><strong>sit,</strong></span> <span class='ocrx_word' id='word_1_232' title='bbox 1207 3937 1268 3982; x_wconf 91' lang='lat' dir='ltr'><strong>non</strong></span> 
     </span>
    </p>
   </div>
   <div class='ocr_carea' id='block_1_7' title="bbox 239 4157 940 4239">
    <p class='ocr_par' dir='ltr' id='par_1_11' title="bbox 239 4157 940 4239">
     <span class='ocr_line' id='line_1_32' title="bbox 239 4157 940 4239; baseline -0.003 -29"><span class='ocrx_word' id='word_1_233' title='bbox 239 4159 265 4232; x_wconf 76' lang='lat'><strong>1)</strong></span> <span class='ocrx_word' id='word_1_234' title='bbox 286 4157 377 4212; x_wconf 79' lang='lat' dir='ltr'><strong>Genea.</strong></span> <span class='ocrx_word' id='word_1_235' title='bbox 397 4159 441 4228; x_wconf 79' lang='lat'><strong>32,</strong></span> <span class='ocrx_word' id='word_1_236' title='bbox 462 4159 472 4210; x_wconf 88' lang='grc'>1</span> <span class='ocrx_word' id='word_1_237' title='bbox 496 4176 567 4232; x_wconf 85' lang='lat' dir='ltr'><strong>seqq.</strong></span> <span class='ocrx_word' id='word_1_238' title='bbox 640 4160 669 4233; x_wconf 85' lang='lat'><strong>2)</strong></span> <span class='ocrx_word' id='word_1_239' title='bbox 688 4158 751 4212; x_wconf 82' lang='lat' dir='ltr'><strong>ibid.</strong></span> <span class='ocrx_word' id='word_1_240' title='bbox 770 4159 797 4230; x_wconf 83' lang='lat'><strong>6,</strong></span> <span class='ocrx_word' id='word_1_241' title='bbox 818 4157 850 4225; x_wconf 67' lang='lat'><strong>154</strong></span> <span class='ocrx_word' id='word_1_242' title='bbox 869 4173 940 4239; x_wconf 81' lang='lat' dir='ltr'><strong>seqq.</strong></span> 
     </span>
    </p>
   </div>
   <div class='ocr_carea' id='block_1_8' title="bbox 0 0 1482 4700">
    <p class='ocr_par' dir='ltr' id='par_1_12' title="bbox 0 0 1482 4700">
     <span class='ocr_line' id='line_1_33' title="bbox 0 0 1482 4700; baseline 0 0"><span class='ocrx_word' id='word_1_243' title='bbox 0 0 1482 4700; x_wconf 95' lang='lat' dir='ltr'><strong> </strong></span> 
     </span>
    </p>
   </div>
  </div>
 </body>
</html>
