2976 4706
415 349 461 406 DE
480 348 618 406 omens
635 346 858 404 nmrsrnonbn
874 346 971 404 bruun
987 347 1029 404 uu
1213 350 1273 418 181

187 529 350 595 suggeras,
373 519 423 576 aut
445 512 483 576 de
505 511 629 576 desiero
651 510 785 594 iungeris
806 509 970 575 ministerio
992 489 1147 591 sinistrae,
1168 518 1201 574 ut
1221 528 1277 574 re·

186 625 291 707 liquios
315 627 446 692 ciborum
469 627 588 704 abluas,
611 627 669 689 nisi
691 625 769 688 iorie
791 631 896 707 poscat
916 625 1089 690 necessiies.

277 736 325 803 18.
370 741 465 824 Finge
486 741 562 803 banc
585 747 615 803 ei
637 739 672 804 da
696 740 783 814 oculo
806 740 958 818 virtutem,
990 746 1022 804 ni
1049 741 1145 822 possit
1174 739 1276 802 deiru-

186 855 260 918 here
282 872 404 918 sensum
428 857 524 939 cupiri,
552 855 679 919 auditum
702 856 833 935 auribus,
859 854 949 916 menri
972 839 1176 940 cogitationes,
1198 828 1278 918 odo-

186 975 280 1030 rubum
311 971 452 1048 nuribus,
483 971 528 1034 ori
556 988 694 1052 soporem
718 976 748 1033 ei
770 970 825 1032 sibi
848 967 1001 1044 conierni;
1034 986 1132 1031 nonne
1161 986 1277 1030 omnem

186 1088 292 1144 sirium
317 1081 460 1146 dissolvet
482 1085 630 1148 nniurae?
673 1084 758 1146 Unde
780 1083 904 1165 pulchre
927 1081 1080 1165 oposioius
1103 1083 1159 1144 cit:
1181 1078 1208 1165 ¹)
1242 1081 1277 1144 Si

186 1202 415 1278 tcinmcorpcs
438 1197 562 1275 oculos,
589 1197 642 1259 obi
667 1194 823 1258 auditos?
867 1193 902 1255 Si
925 1193 1190 1271 reinmundum,
1224 1191 1277 1256 ubi

187 1311 362 1373 odoratos?
397 1311 506 1376 Omnes
523 1329 599 1394 ergo
615 1328 703 1374 unum
720 1327 828 1392 corpus
843 1325 944 1371 sumus
960 1313 990 1369 ei
1005 1307 1121 1370 diverse
1137 1307 1277 1386 membra,

185 1423 239 1488 sed
263 1423 358 1487 omniu
383 1427 502 1507 corpori
525 1426 693 1488 necessario
704 1446 714 1502 ;
750 1441 810 1487 non
834 1425 911 1486 enim
934 1429 1031 1506 potest
1055 1422 1215 1485 membrum
1239 1420 1276 1484 dc

185 1540 317 1602 membro
340 1537 457 1602 dicere:
487 1540 552 1602 Non
567 1547 624 1608 ,esi
646 1539 715 1605 mihi
738 1539 949 1604 necessarium.
993 1536 1070 1611 Quin
1094 1537 1179 1598 eiiam
1203 1537 1276 1617 ipso,

184 1671 261 1734 quae
294 1654 431 1717 videniur
463 1652 620 1715 infirmiore
650 1652 779 1714 membra
811 1669 896 1729 esse,
930 1648 1137 1732 multomagis
1164 1665 1276 1710 neces-

183 1767 260 1829 saria
283 1773 352 1830 sunt
373 1772 403 1828 ei
424 1767 565 1830 maiorem
595 1767 768 1848 pierumque
797 1764 897 1828 tuendi
921 1781 955 1826 se
977 1764 1131 1845 requirunt
1161 1761 1276 1825 sollici-

185 1880 324 1943 iudine'm.
368 1879 452 1943 Etsi
474 1881 543 1963 quid
577 1881 657 1945 dolet
687 1880 849 1943 membrum
879 1897 987 1958 unum,
1018 1878 1224 1958 conpatiuntur
1247 1875 1275 1938 ci

182 1994 313 2060 membro
337 1993 442 2056 onrnic.

272 2103 320 2170 19.
365 2105 450 2169 Unde
473 2124 559 2188 quom
581 2124 675 2189 grave
698 2112 743 2169 esi
761 2112 793 2168 ub
816 2105 1004 2168 detrahamus
1027 2102 1135 2184 aliquid
1158 2104 1202 2182 ei,
1227 2103 1274 2165 cui

183 2237 239 2283 nos
261 2222 379 2301 conpaii
402 2227 536 2302 oporiet,
560 2227 589 2282 eb
611 2221 658 2282 cui
681 2218 824 2282 debemus
848 2219 1031 2283 consortium
1054 2218 1221 2296 ministerii,
1245 2219 1274 2280 ei

183 2331 279 2396 irondi
302 2339 332 2394 eb
354 2351 451 2396 noxae
473 2333 589 2396 simus?
633 2333 713 2396 Haec
735 2334 835 2413 ubique
866 2333 917 2396 lex
948 2340 1071 2394 nabutae
1100 2337 1162 2410 esi,
1196 2349 1273 2412 quac

183 2461 239 2506 nos
262 2443 298 2506 od
323 2461 439 2507 omnem
467 2445 584 2528 siringii
610 2445 837 2525 humanitatem,
868 2451 898 2507 ui
920 2445 994 2507 niter
1016 2445 1099 2508 alieri
1127 2452 1273 2527 tamquam

183 2559 269 2623 unius
300 2563 399 2640 portes
430 2558 566 2639 corporis
594 2557 720 2622 inuicem
750 2557 926 2621 deferamus.
969 2557 1032 2621 Nec
1062 2557 1273 2621 detrahendum

183 2675 337 2756 quicquam
361 2677 512 2754 putemus,
539 2691 605 2735 cum
628 2681 731 2737 conire
754 2680 876 2736 naturae
898 2673 995 2757 legem
1018 2675 1138 2736 sitnon
1161 2673 1272 2736 iuvare.

183 2789 232 2854 Sic
255 2765 517 2865 enim'ncscimum
542 2791 574 2848 ui
594 2788 778 2849 consentiant
800 2788 930 2850 membro
953 2789 1090 2850 membris
1106 2793 1136 2848 et
1151 2787 1273 2849 alierum

182 2903 267 2966 alberi
289 2901 447 2964 adhaereat
470 2907 499 2964 ei
521 2901 724 2984 obsequamur
753 2902 809 2966 sibi
837 2907 937 2964 mutuo
967 2902 1139 2966 ministerio.
1184 2899 1273 2976 Quod

183 3019 209 3080 si
237 3034 326 3086 unum
359 3016 435 3078 desit
468 3014 568 3079 officio
600 3033 672 3095 suo,
706 3015 892 3098 inpedientur
926 3022 1041 3095 cerem,
1073 3021 1106 3078 ιιι
1133 3017 1159 3080 si
1189 3023 1273 3080 eruci

183 3129 299 3194 oculum
321 3145 442 3209 munus,
464 3146 564 3192 nonne
586 3130 642 3192 sibi
666 3130 766 3211 operis
789 3121 837 3192 sui
858 3147 943 3192 usum
966 3131 1115 3214 negavit?
1160 3132 1191 3197 Si
1213 3151 1272 3213 pe-

182 3245 249 3308 dem
279 3243 431 3323 vulneret,
465 3250 640 3323 quontomm
673 3242 728 3304 sibi
762 3245 877 3304 ocinum
909 3239 1076 3323 profectum
1109 3242 1271 3304 inviderit?

181 3359 218 3422 Ει
239 3367 348 3442 quanio
371 3359 492 3442 gravius
515 3365 675 3422 osticium
697 3357 863 3436 bominem,
887 3374 973 3438 quom
996 3374 1086 3418 unum
1109 3355 1270 3418 membrum

182 3473 321 3536 deirohii
364 3473 424 3546 lem
446 3473 471 3535 si
494 3474 524 3533 in
546 3491 606 3536 uno
628 3472 761 3536 membro
784 3477 877 3536 totum
899 3487 1008 3552 corpus
1030 3469 1175 3550 violatur,
1208 3471 1271 3532 uii-

181 3608 240 3671 que
256 3591 361 3652 inuno
386 3588 504 3651 bomine
527 3589 693 3652 communio
716 3589 805 3650 totius
828 3585 1013 3649 humanitatis
1036 3584 1177 3662 solvitur3
1200 3585 1270 3648 vio-

181 3703 257 3766 latur
280 3712 385 3767 nuiuro
407 3703 528 3786 generis
554 3702 671 3765 humani
693 3707 724 3764 ei
744 3706 863 3766 sanctae
884 3697 1038 3763 Ecclesiae
1064 3699 1269 3782 congregotio,

182 3837 258 3899 quoe
278 3819 308 3882 in
331 3837 420 3883 rmum
451 3837 597 3883 conexum
621 3836 728 3903 eorpus
756 3824 843 3901 abque
872 3821 1046 3901 conpactum
1069 3817 1178 3880 unitate
1201 3813 1270 3879 iidei

183 3973 387 3984 μ--ι-η-ιψ-

252 4061 280 4130 r)
300 4060 323 4116 1.
343 4060 400 4117 σοι.
421 4063 463 4130 12,
483 4063 523 4117 ιι.
