2976 4706
422 262 626 400 ud'ormcus
642 343 865 402 nmrsmonun
883 344 979 402 amsa
997 346 1015 401 ι.
1204 349 1263 416 121

170 511 273 570 eontra
305 505 434 571 officium
465 505 537 570 est?
582 505 613 570 Si
639 505 718 570 furto
749 507 880 588 quaesita
911 507 1011 572 eniens
1040 509 1203 590 suscipias,
1235 515 1268 573 ut

169 617 324 682 fraudetur
348 620 398 700 qui
421 618 568 696 amiserat,
592 633 693 680 nonne
715 624 818 682 eontra
843 615 971 681 officium
995 619 1067 682 est?

257 729 329 796 255.
383 730 436 794 Est
469 732 555 793 etiem
591 738 694 794 contre
729 731 858 794 officium
892 749 1111 813 nonnumquam
1146 731 1267 796 solvere

169 845 357 926 promissum,
381 851 597 906 sacramentum
620 843 786 922 custodire,
810 851 842 907 ut
864 845 1015 924 Herodes,
1037 841 1064 927 Ι)
1088 846 1138 926 qui
1161 845 1268 909 iuravit

171 955 310 1036 quoniam
334 952 476 1035 quidquid
500 956 608 1035 petitus
632 961 713 1016 esset
733 955 818 1015 daret
833 954 910 1017 filiae
925 955 1102 1022 Herodiadis
1118 964 1148 1020 et
1162 977 1268 1022 necem

170 1066 291 1130 ioannis
315 1069 475 1149 praestitit,
498 1087 537 1132 ne
560 1070 738 1150 promissum
761 1075 895 1152 negaret.
940 1069 1013 1132 Nam
1036 1070 1074 1134 de
1095 1072 1219 1154 iephthe
1235 1069 1268 1154 2)

170 1181 239 1262 quid
273 1180 383 1260 dinam,
417 1183 467 1262 qui
500 1183 660 1248 immolavit
691 1183 797 1262 tiliam,
839 1202 914 1264 quae
949 1185 1005 1248 sibi
1037 1185 1143 1247 victori
1174 1186 1268 1266 prima

170 1301 361 1373 occurrerat,
395 1312 455 1376 quo
479 1301 580 1356 votum
602 1295 744 1375 inpleret,
776 1293 855 1374 quod
877 1295 1099 1376 spoponderat,
1123 1303 1154 1358 ut
1177 1296 1268 1376 quid-

170 1407 239 1488 quid
271 1406 328 1470 sibi
359 1408 484 1489 primum
520 1408 719 1485 occurrisset,
753 1405 875 1469 offerret
906 1408 987 1471 deo?
1033 1408 1139 1474 Melius
1173 1407 1269 1473 iuerat

170 1521 242 1582 nihil
264 1521 323 1582 tale
346 1523 537 1601 prominere,
560 1540 647 1602 quam
669 1521 848 1602 promissum
870 1521 992 1584 solvere
1013 1521 1183 1603 parricidio.

256 1630 328 1698 256.
373 1633 455 1696 Haeo
478 1635 579 1714 quanti
603 1635 641 1696 sit
664 1633 779 1697 consilii
801 1634 994 1716 prospicere,
1028 1653 1088 1698 non
1111 1637 1268 1719 ignoratis.

168 1744 205 1806 Et
229 1744 297 1808 ideo
330 1747 448 1829 eligitur
479 1747 585 1826 levita,
618 1748 668 1828 qui
699 1748 860 1810 sacrarium
891 1746 1057 1827 custodiat,
1091 1768 1129 1811 ne
1151 1748 1271 1813 saliatur

172 1859 309 1937 oonsilio,
334 1877 372 1920 ne
395 1858 483 1920 fidem
506 1858 634 1938 deserat,
658 1877 697 1921 ne
721 1866 844 1921 mortem
867 1859 976 1936 timeat,
1003 1859 1135 1939 nequid
1159 1860 1270 1921 intem-

168 1973 321 2054 perantius
344 1980 440 2055 gerat,
464 1980 496 2034 ιιι
512 1974 614 2053 speeie
629 1973 693 2053 ipsa
708 1973 883 2056 gravitatem
906 1971 1068 2053 praeierat,
1091 1989 1148 2034 neo
1170 1969 1269 2036 solum
1306 1983 1310 1992 ·

169 2087 315 2165 animum,
345 2084 398 2147 sed
430 2086 516 2147 etiam
547 2086 653 2148 oculos
684 2086 872 2148 continentes
904 2086 1017 2147 habere
1044 2101 1130 2165 quem
1155 2085 1269 2166 decent,

170 2200 276 2262 nevel
295 2200 360 2280 ipse
383 2197 510 2260 frontem
534 2199 703 2261 sobrietatis
728 2198 866 2261 fortuitus
889 2198 980 2260 violet
1004 2213 1165 2278 occursus,
1189 2215 1270 2278 quo-

170 2312 263 2374 niam:
287 2308 319 2395 ³)
360 2311 420 2386 Oui
453 2312 569 2373 viderit
605 2312 763 2372 mulierem
797 2313 840 2374 nd
875 2312 1152 2392 concupiscendam
1191 2329 1269 2389 eom,

171 2426 360 2488 adulteravit
388 2445 455 2488 enm
488 2427 521 2488 in
554 2427 647 2487 corde
677 2445 745 2488 sno.
797 2426 837 2487 lta
867 2425 1042 2488 adulterium
1076 2443 1137 2487 non
1174 2424 1270 2486 solnm

171 2536 240 2599 iacti
264 2539 460 2619 conluvione,
484 2541 538 2602 sed
564 2541 650 2602 etiam
674 2545 811 2620 aspectus
834 2539 998 2601 intentione
1021 2538 1219 2600 committitur.

260 2649 332 2714 257.
378 2652 486 2734 Magno
502 2653 576 2714 haec
598 2652 736 2715 videntur
751 2671 786 2714 ac
801 2651 886 2714 nimis
906 2667 1025 2728 severa,
1048 2650 1100 2712 sed
1118 2652 1147 2711 in
1162 2667 1271 2734 magno

174 2782 298 2827 munere
321 2785 383 2831 non
406 2765 574 2848 superflua,
605 2767 725 2846 quando
748 2773 827 2829 tantu
850 2769 896 2827 esi
918 2765 1071 2827 levitarum
1095 2764 1207 2845 gratia,
1240 2768 1273 2825 ut

172 2877 209 2938 ds
231 2877 278 2940 his
301 2879 424 2962 Moyses
447 2880 476 2940 in
500 2879 757 2944 benedictionibus
781 2879 910 2942 diceret:
927 2876 960 2961 ⁴)
983 2879 1066 2940 Date
1087 2877 1163 2941 Leni
1185 2877 1272 2939 viros

172 2991 258 3068 eins,
283 2993 355 3054 date
377 2993 454 3054 Leni
476 2995 661 3074 manifestos
684 2994 770 3070 eins,
797 2995 868 3056 date
892 2992 967 3054 Levi
990 3000 1105 3053 sortem
1127 2987 1273 3071 suffroqii

171 3106 222 3166 sni
254 3114 283 3166 et
313 3107 474 3169 veritatem
504 3109 572 3170 eins
600 3109 670 3170 niro
701 3115 828 3182 saneto,
864 3125 951 3186 quem
986 3112 1209 3185 temptaverunt
1238 3104 1272 3164 in

172 3220 443 3299 temptationibus,
478 3222 710 3283 maledixerunt
731 3239 827 3298 snper
857 3239 971 3299 aquam
1003 3217 1271 3280 contradictionis.

176 3331 236 3406 Qut
258 3332 335 3394 dieii
353 3336 441 3411 patri
463 3349 522 3397 sno
545 3343 575 3396 et
596 3335 709 3395 matri.-
741 3334 812 3395 Non
835 3333 908 3394 noni
932 3340 980 3402 te;
1005 3339 1035 3392 et
1054 3330 1173 3408 fraires
1197 3348 1272 3391 suos

173 3463 237 3506 non
268 3448 414 3526 coqnoeit
441 3458 471 3510 et
494 3450 576 3528 filios
602 3468 680 3530 ,snos
713 3447 894 3510 abdicauit:
928 3447 978 3506 irie
1011 3442 1146 3506 custodit
1177 3442 1273 3503 verbo

174 3566 227 3620 tua
250 3567 280 3620 et
302 3567 515 3622 testamentum
538 3567 622 3620 tunm
644 3560 829 3622 observavit.

262 3666 336 3732 258.
382 3672 424 3733 ilii
448 3689 522 3754 ergo
553 3672 611 3733 viri
640 3673 705 3733 eius
728 3677 758 3734 et
780 3668 927 3732 manifesti
951 3669 1031 3746 eius,
1063 3667 1112 3748 qui
1142 3665 1213 3728 nihii
1242 3667 1273 3728 in

175 3781 268 3844 eorde
294 3783 353 3845 doli
377 3783 513 3864 habeant,
537 3784 609 3846 nihil
632 3783 752 3847 fraudis·
768 3782 925 3862 occultent,
949 3781 1003 3843 sed
1020 3780 1111 3844 verba
1134 3780 1199 3842 eius
1215 3797 1273 3842 ou-

179 3951 387 3962 *Ἣ

246 4053 275 4122 1)
294 4052 381 4105 Marah.
404 4053 446 4120 14,
465 4054 481 4106 6
499 4070 571 4123 seqq.
651 4050 753 4122 2)1ud.
777 4050 818 4117 11,
840 4048 873 4101 30
891 4066 962 4118 seqq.
1034 4047 1063 4116 3)
1083 4045 1167 4101 tinam
1186 4045 1211 4114 5,
1229 4046 1272 4100 28.

175 4140 205 4209 1)
224 4137 299 4193 Dent.
320 4139 364 4207 33,
385 4139 402 4190 8
420 4156 474 4212 seq.
690 4157 693 4162 ¹
