2976 4706
218 331 282 400 tas
664 329 690 384 s.
711 327 866 386 nnanosn

122 473 125 481 Κ
219 491 310 554 veris.
363 488 473 555 Contra
508 508 628 571 quoque
661 498 815 554 strenuum
850 505 919 554 esse
954 491 985 552 in
1018 490 1177 572 operibus,
1211 491 1319 554 affectu

218 600 357 680 infidum,
387 602 426 664 ita
448 609 516 681 est,
549 620 584 664 ac
607 602 633 664 si
655 601 764 664 vitioso
795 599 985 664 fundamento
1012 603 1135 681 pulchra
1161 604 1319 668 culminum

219 716 293 780 velis
318 717 440 778 elevare
470 715 603 798 fastigia:
636 733 696 796 quo
719 716 784 798 plus
808 717 971 794 struxeris,
1003 717 1068 798 plus
1091 719 1221 796 corruit,
1250 719 1319 800 quia

218 829 283 892 sina
306 830 487 893 munimento
511 829 578 892 fidei
602 830 681 892 bona
705 847 799 910 opera
824 847 882 892 non
906 836 1031 911 possunt
1053 849 1184 894 manere.
1229 831 1318 895 infida

218 942 304 1006 statio
324 943 354 1005 in
377 950 464 1024 portu
487 960 594 1006 navem
616 941 750 1024 perforat
774 951 804 1005 et
827 943 1007 1007 harenosum
1030 944 1126 1007 solum
1148 945 1207 1007 cito
1231 943 1319 1024 cedi,

218 1071 275 1116 neo
297 1062 398 1135 potest
428 1057 575 1137 inpositae
607 1055 820 1120 aedificationis
851 1058 1001 1119 sustinere
1031 1075 1133 1121 onera.
1178 1056 1219 1118 lbi
1243 1075 1318 1138 ergo

217 1167 371 1246 plenitudo
394 1169 534 1250 praemii,
558 1171 609 1232 uhi
631 1171 770 1233 virtutum
792 1171 938 1252 perfectio
962 1178 992 1234 et
1014 1171 1157 1251 quaedam
1181 1172 1211 1233 in
1234 1171 1319 1234 iactis

218 1286 306 1363 atque
330 1281 416 1346 dictis
439 1285 601 1364 aequalitas
623 1280 803 1350 sobrietatis.

632 1539 806 1606 CAPUT
841 1539 899 1604 ΙΙΙ.

217 1701 300 1754 Petita
320 1719 335 1754 e
354 1704 482 1770 scripturis
500 1700 663 1755 beatitudinis
688 1703 800 1754 delinitio
827 1704 979 1771 expenditur
1005 1704 1240 1774 demonstraturque
1258 1707 1320 1757 nihil

217 1790 267 1859 ipsi
286 1789 329 1842 uel
347 1797 455 1857 propter
472 1798 578 1842 externa
595 1788 662 1842 bona
682 1790 817 1855 accedere,
835 1789 877 1841 vel
891 1790 1020 1842 decedere
1033 1800 1139 1858 propter
1150 1792 1318 1844 incommoda.

305 1945 335 2012 8.
380 1949 417 2011 El
450 1949 594 2048 quoniam
623 1949 688 2012 sola
722 1967 821 2011 rerum
856 1949 979 2013 scientia
1012 1950 1138 2033 explosa
1172 1959 1235 2030 est,
1271 1953 1321 2016 vel

218 2062 303 2144 quasi
334 2063 428 2124 inanis
460 2061 624 2126 secundum
656 2063 862 2144 philosophiae
895 2063 1110 2146 disputationes
1141 2065 1319 2147 superfluas,

216 2175 266 2239 vel
289 2176 373 2256 quasi
395 2176 603 2257 semiperfecta
630 2178 793 2255 sententia,
827 2177 1054 2241 consideremus
1081 2197 1167 2260 quam
1192 2180 1319 2242 enodem

217 2287 255 2350 de
280 2306 317 2351 eo
341 2290 488 2371 scriptura
512 2288 610 2350 divina
633 2290 768 2352 absolvat
789 2291 983 2368 sententiam,
1014 2291 1052 2352 de
1075 2309 1134 2372 quo
1159 2300 1217 2355 tam
1239 2293 1319 2360 mirl-

216 2401 332 2483 tiplioes
355 2381 386 2465 el
406 2401 559 2483 inplicatus
584 2409 672 2483 atque
703 2402 842 2467 confusas
872 2404 1006 2466 videmus
1035 2423 1104 2468 esse
1128 2409 1318 2488 quaestiones

215 2515 431 2597 philosophiae.
475 2516 555 2594 llihil
578 2519 656 2580 enim
678 2517 789 2580 bonum
812 2519 957 2600 scriptura
981 2520 1038 2582 nisi
1058 2519 1138 2600 quod
1161 2519 1318 2583 honestum

216 2628 330 2691 adserit
351 2629 551 2709 virtutemque
574 2630 705 2693 inomni
728 2649 828 2693 rerum
852 2637 928 2694 statu
953 2632 1067 2697 beatam
1090 2633 1215 2712 iudicat,
1240 2651 1317 2713 quae

215 2759 315 2822 neque
338 2748 484 2825 augeatur
507 2742 595 2805 bonis
620 2719 773 2824 corporis,
802 2743 849 2806 vel
873 2745 1021 2823 externis,
1047 2764 1147 2826 neque
1169 2746 1318 2808 minuatur

216 2852 353 2920 adversis
361 2874 371 2930 3
403 2854 536 2934 nihilque
559 2858 617 2914 tam
639 2854 776 2932 beatum,
809 2855 866 2917 nisi
889 2855 970 2936 quod
994 2874 1009 2918 a
1032 2863 1157 2938 peccato
1188 2858 1317 2921 alienum

216 2967 272 3045 sit,
303 2966 422 3048 plenum
448 2967 658 3045 innocentiae,
690 2967 838 3048 repletum
860 2969 974 3050 gratiae
997 2967 1054 3030 dei.
1101 2969 1317 3050 scriptumest

216 3079 311 3142 enim:
332 3077 360 3164 ¹)
388 3077 504 3143 Beatus
527 3081 595 3155 eir,
625 3080 678 3160 qui
701 3099 764 3142 non
788 3080 866 3142 abiit
888 3080 921 3142 in
944 3081 1079 3144 oonsilio
1101 3083 1264 3160 impiorum
1287 3091 1318 3144 et

215 3191 250 3252 in
272 3191 327 3253 cio
344 3199 546 3271 peccatorem
569 3194 836 3256 consimilatio
858 3195 1010 3256 cathedre
1029 3195 1230 3274 pestilentiae
1253 3184 1316 3258 oon

215 3303 319 3380 sedit,
350 3305 407 3366 sed
436 3306 470 3366 in
495 3306 560 3386 lepe
589 3307 707 3368 domini
736 3305 799 3383 satit
827 3307 972 3369 uoluntas
1002 3308 1079 3369 eius.
1123 3307 1160 3370 Et
1182 3307 1265 3369 alibi:
1282 3303 1315 3390 ²)

215 3415 306 3478 Beati
328 3416 512 3480 inmaculati
535 3418 568 3478 in
590 3417 663 3493 oio,
688 3419 741 3497 qui
766 3416 924 3479 ambulant
947 3419 981 3478 io
1004 3419 1216 3500 deportamini.

302 3526 331 3594 9.
377 3530 549 3594 innocentia
579 3531 668 3613 igitur
698 3537 727 3592 et
749 3531 873 3593 scientia
902 3532 1021 3595 beatum
1048 3531 1168 3602 iaciunt
1213 3533 1315 3598 Bonae

217 3658 338 3722 quoque
361 3642 543 3723 operationis
567 3642 735 3704 mercedem
752 3660 822 3704 esse
837 3642 1048 3706 beatitudinem
1071 3645 1149 3709 vitae
1172 3652 1314 3708 aeternae

216 3753 354 3836 superius
384 3753 574 3820 advertimus.
619 3755 721 3818 Restat
749 3756 856 3838 igitur,
887 3764 919 3819 ut
941 3764 1043 3839 spreto
1066 3759 1231 3840 patrocinio
1254 3777 1314 3822 vo·

216 3864 334 3947 luptatis
357 3872 406 3928 aut
430 3866 543 3936 doloris
567 3876 663 3948 metu,
693 3887 819 3951 quorum
850 3870 974 3934 alterum
999 3872 1084 3952 quasi
1105 3871 1262 3934 infractum
1285 3878 1315 3935 et

215 4016 427 4028 m

252 4083 258 4088 ’
289 4107 317 4176 ι)
334 4105 424 4162 Psalm.
446 4108 502 4176 1,1
524 4124 578 4177 seq.
649 4109 678 4174 a)
697 4108 760 4161 nra
784 4107 843 4175 ma,
865 4107 886 4160 r.
