2976 4706
227 361 290 428 14⁶
601 395 604 402 .
674 354 700 410 s.
720 351 877 408 anoaosn

225 520 346 600 praeest
372 515 484 582 liberis.
535 515 609 580 illud
641 515 735 598 magis
766 513 872 595 decet,
905 520 1056 597 utsupra
1085 513 1257 578 thesaurum
1287 509 1326 574 sit

226 628 322 692 animo
357 634 387 691 et
418 626 495 692 inira
530 628 655 692 amicum
689 626 846 708 obsequio.
900 625 1052 690 llumilitas
1087 626 1166 690 enim
1198 625 1324 710 gratiam

224 747 324 826 auget.
369 741 451 806 liaeo
472 740 561 822 plena
582 737 678 802 laudis
701 744 731 800 et
753 736 844 822 digna
865 737 1007 820 primario
1029 738 1114 817 viro,
1146 753 1208 800 nou
1237 753 1325 799 eom-

224 871 342 918 muaem
371 872 438 918 cum
461 852 560 936 Tyriis
590 850 828 935 negotiatoribus
858 856 889 914 et
917 847 1077 916 Gaaladitis
1106 839 1324 912 mercatoribus

224 969 336 1032 hroere
365 967 460 1048 turpis
490 965 566 1030 lucri
594 963 779 1046 nqidtnen,
811 981 871 1028 nec
900 982 989 1028 omae
1019 965 1131 1028 bonum
1160 963 1264 1027 locere
1293 963 1325 1025 in

223 1079 351 1162 pecunia
380 1082 410 1141 et
438 1083 587 1158 tamquam
617 1061 803 1140 mercenario
829 1093 956 1144 munere,
976 1076 1143 1160 cotidianos
1165 1092 1325 1140 numerare

224 1200 377 1274 quaestus,
400 1190 540 1256 calculari
563 1189 739 1272 conpendia.

632 1389 803 1488 anaor
839 1390 916 1455 xv.

224 1537 264 1590 Dc
283 1535 446 1589 liberalitate.
483 1534 639 1599 Quibusnam
664 1537 823 1602 potissimam
850 1536 1007 1604 impartienda
1025 1543 1052 1588 et
1069 1555 1120 1608 qua
1138 1539 1238 1591 ratione
1256 1535 1325 1588 illara

371 1623 495 1675 tenuioris
514 1638 605 1676 census
624 1622 739 1674 homines
759 1637 837 1690 opera
857 1630 883 1674 at
904 1623 1016 1676 consiliis
1034 1630 1180 1676 exerceant.

239 1786 241 1790 ·
311 1751 362 1820 68.
408 1752 496 1830 Quod
519 1754 544 1817 si
568 1755 604 1816 ab
636 1751 682 1815 bis
713 1752 846 1816 sobrium
877 1771 988 1835 gerere
1018 1754 1146 1818 animum
1176 1753 1325 1819 laudabile

224 1874 280 1947 est,
303 1873 413 1948 quanto
437 1865 510 1930 illud
531 1867 747 1948 praestantius,
769 1866 796 1929 si
818 1865 1008 1930 dilectionem
1030 1867 1223 1932 multitudinis
1243 1867 1325 1932 libe-

223 1981 338 2045 ralitate
360 1979 511 2061 adquiras,
533 1997 633 2060 neque
655 1979 805 2061 arperllue
827 1979 908 2042 circa
930 1980 1124 2062 inportunos,
1147 1998 1247 2064 neque
1269 1997 1324 2044 re-

225 2093 327 2158 stricta
349 2093 430 2156 circa
451 2091 648 2176 indigentes?
1101 2077 1104 2083 ’

312 2202 364 2270 69.
408 2204 534 2268 Plurima
557 2209 654 2267 autem
676 2221 791 2286 genera
813 2201 996 2267 liberalitatis
1019 2209 1105 2283 sunt,
1137 2223 1198 2269 non
1228 2204 1324 2270 solum

225 2316 375 2384 cotidiano
398 2325 517 2399 sumptu
540 2317 709 2400 egentibus,
731 2334 792 2399 quo
815 2317 904 2380 vitam
927 2333 1012 2380 suam
1032 2317 1184 2382 sustinere
1198 2319 1324 2400 possint,

226 2430 387 2512 disponere
422 2449 456 2492 ac
490 2429 665 2511 dispensare
699 2431 885 2508 alimoniam;
919 2447 1025 2494 verum
1056 2431 1144 2494 etiam
1175 2433 1240 2511 bis,
1273 2431 1324 2512 qui

225 2541 343 2625 publice
366 2560 460 2624 egere
483 2543 741 2623 verecundantur,
776 2544 935 2606 consulere
964 2562 1001 2606 ac
1031 2545 1212 2625 subvenire,
1243 2563 1324 2626 qua-

224 2659 313 2718 tenus
335 2655 499 2719 communis
522 2645 687 2738 egenorum
714 2655 851 2718 alimonia
882 2673 942 2718 noa
971 2657 1172 2722 exhauriatur.
1217 2655 1263 2720 ue
1286 2675 1324 2722 eo

224 2768 351 2849 loquor,
384 2769 434 2850 qui
463 2773 585 2849 praeest
613 2768 701 2832 alicui
730 2769 862 2848 muneri,
895 2776 928 2832 ut
957 2769 983 2832 si
1005 2771 1136 2836 cilicium
1158 2771 1324 2836 sacerdotis

224 2887 312 2964 gerat
334 2886 384 2943 aut
407 2880 631 2963 dispensatoris,
654 2889 687 2946 ut
708 2880 746 2946 de
769 2881 814 2944 his
837 2889 983 2966 suggerat
1005 2885 1167 2967 episcopo,
1190 2902 1248 2948 nec
1269 2901 1325 2948 re-

220 2992 346 3074 primat,
380 2993 406 3054 si
429 3010 516 3074 quern
538 2993 668 3073 positum
688 2993 719 3056 in
739 2992 923 3057 necessitate
946 2993 1043 3074 aliqua
1066 2997 1247 3080 cognoverit
1276 3001 1325 3060 aut

225 3104 372 3168 deiectum
396 3106 502 3187 opibus
524 3103 562 3170 ad
584 3105 702 3187 inopiae
724 3107 933 3170 necessitatem
956 3106 1125 3188 redactum,
1148 3108 1276 3170 maxime
1299 3106 1325 3170 si

224 3237 285 3284 non
309 3217 458 3282 effusione
480 3218 719 3298 adulescentiae,
752 3219 808 3282 sed
832 3219 999 3302 direptione
1020 3221 1144 3285 alicuius
1176 3227 1206 3284 et
1230 3221 1325 3284 amis-

224 3333 311 3398 sione
333 3332 501 3414 patrimonii
524 3335 554 3396 in
578 3351 642 3396 eam
665 3331 805 3396 reciderit
827 3333 980 3413 iniuriam,
1006 3341 1038 3398 ut
1059 3342 1208 3417 sumptum
1229 3351 1325 3398 ener-

225 3463 296 3510 cere
319 3444 456 3509 murnum
479 3466 538 3527 non
561 3452 658 3527 queat.

312 3555 362 3620 70.
410 3556 528 3620 Summa
558 3558 646 3620 etiam
675 3557 836 3621 liberalitas
865 3565 972 3639 captos
1004 3559 1171 3641 redimere,
1202 3560 1325 3642 eripere

225 3687 265 3730 ex
287 3667 417 3732 hostium
439 3671 592 3750 manibus,
622 3671 799 3735 subtrahere
820 3672 890 3734 neci
911 3673 1048 3736 homines
1072 3680 1102 3736 et
1124 3671 1252 3736 mammo
1274 3672 1325 3736 ie-

224 3781 318 3844 minas
340 3782 522 3863 turpitudini,
546 3783 677 3848 reddere
698 3786 873 3866 parentibus
896 3785 1026 3864 liberos,
1049 3792 1190 3866 parentes
1212 3785 1325 3864 liberis,

225 3893 308 3956 cives
330 3893 444 3974 patriae
466 3897 635 3958 restituere.
673 3895 750 3960 Nota
772 3901 842 3958 sunt
863 3894 937 3959 haec
959 3895 1046 3958 nimis
1065 3895 1174 3979 lllyrici
1189 3896 1325 3960 vastitate

225 4010 255 4067 et
277 4004 431 4068 Thraciae.
477 4007 585 4080 Quanti
608 4008 720 4089 ubique
741 4008 866 4071 venales
890 4013 976 4071 erant
1005 4015 1069 4072 toto
1101 4007 1210 4090 captivi
1239 4008 1325 4089 orbe,

225 4135 301 4199 quos
317 4119 344 4182 si
359 4135 497 4200 revoces,
514 4120 602 4186 unlus
618 4123 791 4203 provinciae
805 4139 960 4186 numerum
976 4121 1100 4202 explere
1115 4139 1177 4184 non
1187 4117 1324 4204 possint!
