2976 4706
250 381 313 449 ire
695 383 720 437 s.
739 381 894 439 nunnosn

247 545 431 608 honestatem
454 553 484 608 at
505 545 658 610 utilitatem
681 548 758 610 inter
781 565 815 632 se
839 565 1005 630 conparare
1020 547 1180 612 debeamus
1197 556 1228 613 at
1243 567 1342 632 quae-

246 677 317 722 rere
339 658 408 740 qnid
430 659 468 722 sit
490 657 684 741 sequendum.
722 660 802 725 Siout
822 663 899 724 enim
915 679 1005 744 supra
1021 663 1220 743 tractavimus,
1243 671 1341 726 utrum

246 773 404 838 honestum
427 772 513 854 illud,
536 793 573 836 an
596 781 683 857 turpe
706 782 805 854 esset,
829 784 859 838 et
882 775 1015 840 secundo
1038 777 1117 857 loco,
1140 784 1238 842 utrum
1259 778 1340 859 utile,

246 904 283 950 un
306 885 427 964 inutile;
458 886 590 950 similiter
612 887 671 951 hoc
693 887 779 967 loco,
809 895 906 952 utrum
930 889 1087 954 honestum
1109 893 1164 972 sit,
1196 911 1233 957 un
1260 891 1340 972 utile,

246 1001 379 1065 nonnulli
402 1002 615 1082 requirendum
636 1008 748 1085 putant.

333 1113 363 1180 e.
407 1115 471 1179 Nos
493 1122 591 1178 autem
613 1134 784 1196 moremur,
816 1135 855 1180 nc
884 1118 959 1181 haec
989 1120 1066 1182 inter
1095 1139 1130 1184 se
1158 1120 1241 1184 velut
1263 1137 1340 1184 con-

245 1228 406 1313 pugnantia
440 1227 583 1292 inducere
617 1229 790 1309 videamur,
827 1248 904 1311 quae
937 1231 994 1294 iam
1026 1249 1116 1313 supra
1149 1252 1240 1296 unum
1271 1249 1340 1296 esse

245 1343 446 1421 ostendimus,
477 1360 535 1405 nec
557 1343 715 1406 honestum
738 1361 808 1406 esse
830 1361 940 1424 posse,
970 1345 1027 1407 nisi
1054 1346 1133 1427 quod
1162 1347 1251 1424 utile;
1283 1365 1341 1411 nec

143 1424 149 1446 ’
245 1457 326 1537 utile,
349 1457 405 1518 nisi
429 1457 508 1537 quod
525 1455 691 1534 honestum,
715 1456 783 1536 quia
798 1472 860 1518 non
875 1457 1027 1538 sequimur
1043 1458 1215 1540 sapientiam
1231 1459 1339 1539 carnis,

246 1569 324 1652 apud
347 1589 432 1651 quam
456 1569 564 1632 utilitas
588 1569 776 1652 pecuniariae
799 1570 883 1632 istius
914 1570 1128 1634 commoditatis
1158 1573 1251 1655 pluris
1281 1572 1340 1635 ha-

244 1683 339 1763 betur,
362 1684 416 1746 sed
439 1683 629 1764 sapientiam,
654 1701 730 1764 quae
753 1702 793 1745 ex
816 1683 874 1747 deo
899 1689 954 1763 est,
978 1685 1055 1765 apud
1079 1703 1165 1765 quam
1188 1703 1238 1765 ea,
1262 1704 1340 1766 quae

244 1798 274 1860 in
297 1797 356 1862 hoo
378 1799 501 1862 saeculo
524 1817 629 1881 magna
652 1799 854 1877 aestimantur,
877 1817 932 1879 pro
956 1797 1132 1862 detrimento
1156 1798 1309 1862 habentur.

299 1885 306 1900 ⁸
334 1911 382 1978 10.
420 1913 484 1975 Hoc
502 1913 611 1975 etenim
625 1899 830 1997 κατόρθωμα,
852 1911 932 1992 quod
948 1911 1111 1994 perlectum
1128 1919 1159 1976 et
1173 1914 1338 1977 absolutum

244 2029 374 2094 officium
397 2034 454 2106 est,
478 2045 495 2089 a
518 2044 592 2091 vcro
616 2027 730 2089 virtutis
754 2025 836 2090 lonte
858 2025 1063 2108 proficiscitur.
1102 2026 1155 2090 Cui
1175 2025 1336 2092 secundum

244 2150 290 2207 est
319 2159 475 2207 commune
506 2139 652 2220 officium,
686 2138 766 2222 quod
796 2141 861 2222 ipso
893 2157 1034 2204 sermone
1064 2141 1246 2225 significatur
1274 2158 1336 2205 non

243 2279 313 2324 esse
336 2258 446 2323 arduae
470 2259 585 2321 virtutis
608 2275 644 2320 ac
666 2257 840 2342 singularis,
870 2258 950 2338 quod
980 2261 1080 2339 potest
1108 2256 1241 2338 plurimis
1268 2269 1337 2318 esse

243 2391 407 2438 commune.
452 2371 526 2434 Nam
548 2372 693 2453 pecuniae
717 2369 882 2454 conpendia
907 2377 1028 2452 captare
1056 2370 1199 2433 familiare
1228 2369 1336 2450 multis,

245 2487 419 2570 elegantiori
452 2487 590 2549 convivio
621 2491 651 2547 et
681 2485 868 2547 suavioribus
902 2484 1043 2548 delectari
1074 2484 1169 2566 epulis
1199 2483 1337 2546 usitatum

243 2607 309 2676 est3
344 2599 476 2661 ieiunare
508 2605 606 2660 autem
639 2603 669 2660 et
701 2597 899 2661 continentem
933 2615 1002 2660 esse
1036 2613 1198 2678 paucorum
1231 2601 1278 2658 est
1308 2601 1337 2658 ei

242 2712 331 2775 alieni
354 2711 490 2793 cupidum
513 2727 574 2773 non
598 2725 675 2788 esse,
699 2727 798 2772 rarum
805 2729 815 2786 3
838 2715 942 2772 contra
964 2715 1062 2772 autem
1083 2708 1241 2773 detrahere
1257 2709 1337 2773 velle

244 2826 345 2903 alteri,
377 2842 438 2888 non
461 2841 531 2887 esse
553 2827 722 2886 contentum
743 2839 818 2899 suo;
849 2841 914 2885 nam
943 2823 975 2886 in
1000 2824 1059 2887 lroo
1087 2838 1154 2886 cum
1183 2824 1336 2905 plerisque

243 2937 427 3002 consortium
449 2944 504 3000 est
548 2936 614 2999 Alia
637 2937 728 3020 igitur
750 2937 860 3017 prima,
892 2935 948 2998 alia
971 2935 1068 2999 media
1091 2935 1197 3000 cilicia.
1241 2937 1336 3002 Prima

243 3069 310 3114 cum
332 3052 444 3133 paucis,
466 3049 562 3114 media
585 3067 651 3112 oum
672 3049 816 3132 pluribus.

333 3157 380 3228 ll.v
426 3162 562 3245 Denique
591 3163 621 3226 in
651 3163 746 3226 isdem
772 3163 873 3226 verbis
905 3161 1079 3244 frequenter
1109 3161 1250 3226 discretio
1279 3169 1335 3226 est

242 3278 337 3341 Aliter
360 3279 436 3341 enim
456 3277 565 3341 bonum
582 3276 670 3339 deum
685 3276 817 3356 dicimus
841 3277 925 3339 aliter
939 3276 1105 3354 hominem3
1128 3277 1213 3339 aliter
1228 3277 1336 3340 iustum

242 3390 328 3456 deum
352 3391 542 3474 appellamus,
566 3389 650 3452 aliter
671 3389 829 3454 hominem.
869 3387 1006 3454 Similiter
1023 3394 1052 3450 et
1067 3390 1231 3471 sapientem
1247 3388 1335 3454 deum

242 3506 326 3569 aliter
341 3504 473 3584 dicimus,
489 3504 574 3568 aliter
588 3504 748 3582 hominem,
771 3502 851 3584 quod
869 3503 943 3566 etin
959 3503 1116 3586 evangelio
1132 3502 1288 3567 docemur:
1303 3499 1334 3588 ¹)

240 3619 347 3682 Estote
370 3639 445 3700 erpo
467 3627 497 3680 et
520 3636 578 3682 occ
598 3617 750 3697 perfecti,
784 3617 868 3680 moui
894 3625 924 3680 ct
945 3625 1038 3696 putor
1067 3624 1185 3694 vester,
1219 3617 1272 3696 qui
1300 3617 1335 3678 in

242 3733 336 3796 coelia
358 3740 422 3810 est,
451 3729 610 3812 perfectus
640 3737 694 3792 eat.
739 3727 835 3810 Ipsum
859 3730 978 3792 Paulum
995 3729 1079 3814 -lego
1108 3727 1274 3811 perlectum
1305 3736 1336 3793 et

240 3863 301 3908 non
321 3845 493 3928 perlectum.
537 3843 611 3906 Nam
639 3857 706 3906 cum
736 3843 875 3905 dixisset:
894 3839 926 3927 ²)
956 3841 1027 3904 Non
1050 3843 1135 3922 quod
1157 3843 1220 3904 ium
1242 3863 1334 3906 acoe-

237 3959 350 4038 porim,
375 3967 431 4022 out
451 3957 516 4018 ium
534 3955 695 4037 perfectus
715 3957 792 4031 sinn
814 3970 929 4035 sequor·
951 3965 1067 4036 numm,
1090 3958 1119 4020 si
1142 3959 1334 4038 ccaprctcta

314 4195 340 4261 ι)
358 4197 443 4250 naun.
465 4197 491 4264 5,
508 4197 551 4250 re.
623 4197 652 4267 a)
669 4197 732 4252 mu
750 4199 779 4266 a,
799 4194 868 4274 lu„
