2976 4706
416 342 462 397 DE
482 341 618 398 omens
636 341 859 398 umtstttoatttt
877 344 973 400 emsa
992 346 1011 402 1.
1202 349 1266 416 119

164 501 291 567 hostiam
314 519 413 583 mam,
445 509 478 566 tu
499 503 610 570 inlotus
633 511 733 568 mente
756 505 868 586 pariter
890 513 920 568 et
943 523 1073 588 corpore
1095 506 1187 572 audes
1210 527 1267 591 pro

165 612 230 678 aliis
253 614 433 697 supplicare,
457 614 550 678 audes
574 615 639 679 aliis
661 614 858 680 ministrare?

252 723 326 792 250.
371 727 440 791 Non
462 727 615 793 mediocre
638 729 768 793 officium
798 731 973 812 levitarum,
1005 731 1043 796 de
1066 733 1174 814 quibus
1197 732 1268 796 dicit

166 839 317 904 dominus:
338 837 369 925 Ι)
396 841 479 903 Ecce
501 861 557 922 epo
581 843 662 923 elipe
687 838 801 906 lenitas
823 844 862 906 de
882 845 985 908 medio
1004 846 1143 927 tiliorum
1164 844 1268 908 lsrael

161 973 222 1034 pro
252 954 336 1015 omni
362 943 571 1035 piimopenito
603 954 764 1034 aperiente
796 954 920 1017 onlnem
949 956 1027 1034 filiis
1057 954 1178 1029 lsrael;
1213 975 1265 1019 re·

166 1066 359 1144 demptiones
388 1085 491 1128 eornm
523 1073 614 1129 mant
643 1067 714 1143 isti,
748 1073 778 1128 et
806 1074 896 1129 munt
921 1067 996 1129 milui
1025 1067 1144 1132 levitae.
1190 1067 1268 1132 llilti

166 1179 246 1242 enim
275 1179 475 1258 sanctificavi
502 1180 742 1260 primopenitnm
773 1180 807 1240 in
841 1187 927 1242 mera
951 1179 1092 1264 Aepypti.
1139 1180 1266 1264 Cogno-

165 1293 260 1356 vimas
284 1293 351 1372 quia
375 1311 436 1356 non
458 1293 535 1356 inter
559 1299 679 1356 eeteros
701 1291 811 1354 levitae
830 1298 1036 1374 conputantur,
1060 1293 1114 1358 sed
1130 1295 1266 1358 omnibus

165 1405 392 1488 praeferuntur,
423 1408 473 1488 qui
505 1406 654 1489 eliguntur
685 1425 725 1468 ex
754 1407 890 1469 omnibus
913 1414 943 1469 et
965 1406 1204 1486 sanctificantur,
1234 1413 1267 1470 ul

164 1521 363 1601 primogenite
386 1518 532 1583 auctuum
556 1526 645 1600 atque
666 1521 823 1601 primitiae,
847 1537 925 1600 quae
941 1517 1062 1583 domino
1079 1518 1266 1601 deputantur,

165 1635 195 1696 in
219 1633 325 1712 quibus
349 1639 396 1694 est
417 1639 556 1696 votorum
580 1631 689 1696 solutio
713 1638 743 1694 et
765 1631 931 1714 redemptio
955 1637 1155 1714 peecatorum.
1194 1630 1266 1695 Non

166 1745 321 1824 accipies,
354 1744 465 1824 inquit,
481 1740 514 1827 ²)
548 1763 602 1808 eoa
631 1745 713 1806 inter
740 1744 827 1823 filios
855 1743 974 1820 lsrael,
1009 1745 1067 1807 sed
1096 1744 1266 1806 constitues

166 1859 278 1921 lenitas
300 1877 398 1937 snper
420 1858 656 1920 tabernaculum
680 1857 848 1920 testimonii
880 1864 911 1918 et
936 1875 1033 1936 snper
1056 1858 1163 1920 omnin
1185 1874 1267 1918 oasa

165 1973 233 2034 eins
254 1973 385 2034 adstare
408 1978 438 2032 et
458 1989 554 2050 snper
576 1989 786 2052 qaaecumque
807 1979 881 2033 aunt
903 1969 1034 2048 inipso.
1072 1969 1138 2050 lpsi
1154 1969 1267 2031 tollant

166 2082 400 2146 tabernaculum
429 2089 460 2142 et
487 2083 592 2145 omnia
618 2101 699 2145 oasa
729 2083 798 2143 eine
826 2089 857 2142 et
885 2081 949 2159 ipsi
971 2081 1149 2143 ministrent
1171 2080 1205 2141 in
1227 2097 1264 2142 ee

165 2203 196 2259 et
224 2199 258 2258 in
289 2197 423 2258 arenitn
453 2195 650 2258 tabernaculi
680 2202 787 2258 coena
809 2193 870 2274 ipsi
893 2193 1102 2270 constituant,
1135 2200 1165 2253 et
1184 2210 1264 2270 pro·-

164 2308 317 2371 monendo
342 2305 575 2370 tabernaculum
597 2306 659 2386 ipsi
682 2307 842 2386 deponent
863 2307 977 2368 levitae
999 2313 1029 2368 et
1047 2305 1264 2368 constituendo

164 2430 273 2485 costra
294 2439 419 2483 sermm
440 2420 541 2498 ipsum
561 2415 795 2480 tabernaculam
810 2417 873 2498 ipsi
887 2424 1038 2480 statuant.
1077 2415 1266 2496 Alienipena

164 2536 346 2616 quicunqne
369 2533 547 2609 accuseris,
574 2539 672 2595 morte
694 2530 877 2594 mariolum

252 2645 325 2712 251.
370 2648 415 2709 Tu
438 2664 513 2728 ergo
536 2643 649 2708 electus
673 2663 713 2707 ex
742 2645 821 2709 omni
851 2660 976 2707 numero
1006 2630 1132 2706 liliorum
1161 2641 1264 2721 lsrael,

164 2766 242 2828 inter
264 2781 369 2828 sacros
392 2761 506 2824 iructus
530 2762 616 2842 quasi
635 2760 852 2843 primogenitus
873 2758 1054 2835 aestimatus,
1076 2755 1265 2838 praepositus

165 2878 374 2956 tabernaculo,
406 2883 438 2938 ut
466 2874 645 2958 praetendas
676 2876 706 2937 in
735 2875 841 2937 eastris
870 2871 1034 2936 sanctitatis
1057 2876 1087 2931 et
1109 2867 1194 2946 fidei,
1226 2865 1265 2928 ad

105 2999 108 3003 '
166 3011 243 3077 quae
273 2995 301 3057 si
331 2993 497 3075 alienigena
529 2990 710 3067 accesserit,
743 2993 840 3050 morte
871 2985 1032 3063 morietur,
1066 2981 1200 3064 positus,
1234 2985 1266 3042 ut

166 3109 287 3190 operias
310 3121 408 3170 arcam
432 3105 608 3168 testamenti.
653 3102 722 3165 Νοιι
744 3102 822 3164 enim
846 3115 950 3162 omnes
973 3096 1077 3160 vident
1106 3094 1163 3158 alta
1194 3112 1265 3175 my-

165 3222 351 3299 steriorum,
378 3220 445 3300 quia
469 3219 645 3300 operiuntur
668 3235 685 3278 a
707 3185 824 3292 lelitis,
856 3231 895 3274 ne
918 3209 1055 3286 videant,
1088 3207 1138 3288 qui
1161 3206 1265 3268 videre

165 3353 227 3399 ιιοιι
258 3334 368 3398 debent
399 3337 429 3394 et
458 3337 590 3409 sumant,
623 3305 674 3410 uui
703 3345 828 3392 servare
860 3342 922 3387 non
951 3327 1086 3404 possunt.
1141 3318 1264 3400 Moyses
1333 3411 1335 3416 Ι

166 3446 297 3527 denique
319 3442 575 3507 circumcisionem
598 3439 672 3503 vidit
692 3439 871 3522 spiritalem,
903 3433 957 3497 sed
980 3433 1098 3515 operuit
1120 3449 1201 3510 eam,
1232 3435 1263 3491 ut

164 3560 196 3622 in
223 3559 312 3641 signo
343 3555 601 3620 circumcisionem
629 3553 856 3636 praescriberet.
901 3548 980 3612 Vidit
1001 3563 1107 3630 azyma
1130 3543 1263 3607 veritatis

166 3678 198 3736 et
218 3672 408 3750 sinceritatis,
431 3670 505 3734 vidit
528 3669 701 3750 passionem
724 3665 852 3742 domium
877 3662 996 3745 operuit
1015 3659 1128 3741 azymis
1149 3675 1264 3738 corpo-

165 3787 278 3850 ralibus
308 3802 413 3868 azyma
441 3782 593 3859 veritatis,
629 3781 747 3862 operuit
776 3777 945 3860 passionem
977 3773 1086 3839 domini
1117 3772 1187 3854 agni
1216 3768 1264 3834 vel

165 3899 250 3963 rituli
281 3897 492 3962 immolatione.
545 3893 582 3958 Et
614 3893 686 3957 boni
718 3890 828 3954 levitae
861 3893 1059 3953 servaverunt
1089 3885 1263 3969 mysterium

238 4140 267 4208 ι)
286 4139 360 4192 nom.
380 4138 407 4204 s,
427 4137 460 4189 12
479 4145 505 4188 a
524 4135 565 4187 m.
638 4133 666 4197 a)
684 4131 748 4184 ιιιι.
768 4129 794 4196 1,
812 4129 846 4180 aa
864 4144 936 4197 seqq.
