2966 4708
222 393 287 458 234
642 381 897 438 aanorauouns

221 550 347 604 verticem
363 548 455 616 ipsios
472 547 606 629 iniquitas!
619 547 679 598 sitta
697 544 831 598 desecuit
848 538 876 592 C.
912 539 963 592 Pro
981 541 1072 610 ipsius
1096 539 1138 592 ed.
1157 539 1224 592 bled.
1244 539 1326 594 bsbet'

220 638 292 690 ciue.
328 632 353 686 ³.
377 634 471 685 etenim
495 649 546 684 orn.
571 631 600 684 Ο.
636 629 694 681 blor
718 631 795 682 idum
819 644 850 682 cs
873 645 968 698 rupere
991 627 1106 680 scribunt
1131 625 1217 678 BER·
1243 626 1268 677 5.
1293 630 1326 680 id

221 723 295 773 deest
312 721 387 798 inb.
423 720 448 772 6.
467 723 602 774 incudm
621 725 742 786 emto
762 715 881 767 exhibent
900 713 988 767 Bona
1007 724 1034 767 et
1050 715 1180 783 exetnplar
1198 715 1274 780 bled,
1291 720 1323 768 irs

221 829 309 880 ecdem
326 791 363 829 ω
380 827 542 894 diriperetur
566 827 603 890 (v.
621 827 664 878 dit
688 821 719 874 ub
744 838 765 874 r.
786 839 819 874 m.
830 820 915 892 bupra
932 821 1033 886 notato)
1052 821 1096 874 dut
1112 818 1142 873 (i.
1178 819 1204 871 l'.
1224 817 1322 888 Scripsi

221 913 320 966 solacii
336 927 385 978 pro
403 913 503 965 solatii.
539 911 596 963 Vid.
619 911 740 979 Woptter.
760 907 819 961 libr.
838 911 879 961 cit.
900 925 926 976 p.
939 908 999 960 472.
1035 911 1174 963 Solarium
1192 906 1321 974 B,'acts-

221 1000 287 1052 tium
306 997 347 1050 EF
366 1014 388 1049 c.
410 998 450 1048 ed.
469 995 537 1049 bled.

291 1086 316 1151 ς.
337 1085 377 1137 13.
412 1084 438 1136 2.
458 1099 620 1139 succorum
642 1081 718 1133 codd.
738 1077 781 1132 att
801 1087 826 1131 et
845 1079 904 1131 edd.
925 1079 991 1132 bled.
1010 1089 1087 1149 atque
1106 1077 1192 1146 Cost,
1218 1097 1321 1135 oura-

220 1191 317 1228 riorum
333 1189 372 1239 pr.
391 1171 443 1236 EF,
462 1168 639 1226 0000100ηο1).
675 1167 696 1238 ΑΙ
718 1167 776 1219 cod.
796 1165 816 1219 0
833 1167 884 1218 boe
902 1167 1054 1218 adiectivum
1073 1165 1152 1218 abest.
1183 1165 1233 1218 Pro
1251 1183 1321 1220 000-

193 1255 196 1258 ”
221 1276 360 1325 aaronem,
381 1273 447 1327 quae
464 1273 525 1310 veru
542 1257 645 1308 videtur
666 1271 722 1308 esse
740 1255 814 1306 buius
832 1253 951 1306 vocabuli
969 1257 1095 1322 scriptura
1113 1254 1177 1320 (vid.
1199 1257 1320 1323 tt'opaar.

221 1344 278 1397 libr.
300 1346 342 1396 cit.
366 1361 393 1411 p.
414 1343 478 1412 478)
504 1343 628 1396 mendose
652 1343 747 1410 legitur
770 1357 850 1397 voces
874 1357 1003 1396 cononem
1029 1343 1055 1393 in
1080 1341 1139 1393 edd.
1166 1338 1269 1392 dinerb.
1296 1347 1323 1390 et

199 1427 337 1497 ‘Erasm.‚
363 1433 389 1482 in
417 1431 508 1499 quibus
533 1431 688 1485 clementium
714 1432 775 1482 item
799 1437 948 1496 corruptum
972 1437 1011 1480 est
1034 1429 1059 1480 in
1083 1431 1224 1483 clanculis.
1262 1425 1322 1478 ttox

222 1521 355 1588 depr-mit
376 1535 390 1570 u
414 1535 447 1569 m.
470 1535 509 1586 pr.
534 1519 636 1570 videtur
658 1517 778 1568 babuisse
801 1515 830 1569 F.
867 1515 932 1566 llein
957 1518 1054 1570 maiori
1077 1513 1135 1580 att,
1160 1515 1265 1567 maiora
1291 1513 1320 1565 tt.

222 1603 272 1656 Pro
291 1607 384 1657 etenira
403 1606 491 1670 recepi
510 1607 594 1672 caim,
622 1591 691 1671 quod
715 1605 816 1654 suavius
841 1603 867 1654 iu
891 1617 965 1654 aures
991 1603 1072 1668 cadit,
1099 1599 1175 1653 suc
1194 1600 1321 1668 editisque
1358 1596 1362 1600 ’

223 1689 327 1741 Amerb'.
347 1689 444 1742 Erasm.
464 1699 490 1742 et
509 1688 577 1741 Cost.
615 1689 638 1741 3.
658 1691 786 1744 dementia
803 1691 912 1743 acccrtoi
929 1685 1012 1754 DEF,
1024 1725 1027 1732 -
1039 1693 1151 1743 omcrttiu
1173 1704 1228 1740 occ.
1249 1685 1320 1737 Cost.

222 1774 284 1828 ltem
302 1779 386 1843 primo
407 1775 437 1829 Α.
475 1777 537 1828 Tum
553 1779 709 1848 porcionem
727 1786 799 1828 recto
817 1775 886 1828 solus
906 1774 942 1841 1²,
969 1765 1124 1830 Portiortom
1143 1773 1199 1826 rell.
1217 1773 1275 1825 libri
1296 1781 1321 1824 ct

223 1864 310 1929 scripti
335 1872 360 1914 et
384 1865 452 1916 editi.
489 1863 563 1916 Conl.
588 1867 613 1930 §.
633 1863 682 1929 18,
701 1862 726 1915 4.
763 1863 787 1915 4.
814 1866 882 1918 caim
905 1879 954 1930 pro
980 1871 1057 1917 etium
1082 1859 1144 1925 ΑΕ,
1172 1863 1265 1913 stetim
1291 1857 1320 1911 F.
1382 1913 1393 1934 N

222 1949 247 2001 5.
266 1953 406 2005 eocieaiam
425 1953 580 2006 catholicum
599 1947 627 2002 0.
662 1943 1189 2016 00010010.1),1100100001.ἐᾳ.0.
1226 1945 1250 1997 8.
1269 1951 1320 2000 ud-

221 2056 313 2109 ocrcio
330 2059 418 2110 acutis
437 2053 510 2106 ABG.
531 2053 597 2106 lied.
617 2053 720 2106 dmcrlr.
741 2053 837 2106 Erasm.
858 2051 927 2105 Cost.
965 2052 1043 2104 Paulo
1068 2060 1128 2119 post
1151 2027 1196 2104 00ο
1220 2049 1260 2116 tt,
1288 2068 1321 2104 avc

202 2137 274 2192 ur.
311 2141 335 2192 0.
360 2144 448 2212 tyreu
473 2127 636 2196 aotommorl
659 2139 688 2194 F.
725 2139 765 2192 10.
785 2145 838 2196 sav
856 2159 905 2193 om.
925 2141 951 2192 at
969 2140 1014 2191 tan.
1054 2139 1094 2190 tt.
1111 2142 1168 2192 ..00
1185 2147 1215 2191 ur
1232 2134 1322 2188 cour

221 2236 375 2299 veteresque
394 2227 453 2280 edd.
473 2245 495 2284 c.
515 2227 612 2280 Erusm.
649 2229 717 2280 Tum.
735 2233 914 2282 adclamarent
938 2225 1019 2296 (vulg.
1039 2224 1160 2292 oculum.)
1179 2221 1240 2289 AG,
1268 2243 1320 2278 oo-

226 2318 387 2370 elumaretur
410 2316 513 2368 Amerb.
539 2325 565 2368 et
587 2315 685 2368 Erastn.
729 2316 771 2368 12.
795 2299 986 2387 0010000000.
1007 2314 1045 2378 ll,
1071 2316 1159 2384 primo
1180 2313 1274 2364 babent
1295 2311 1323 2362 Β.

226 2400 329 2452 Arnerb.
349 2401 445 2454 Erasm.
483 2402 548 2454 Dein
567 2413 590 2456 ct
608 2419 656 2471 pro
676 2419 707 2455 ue
725 2403 816 2470 scripsi
835 2418 891 2453 cum
904 2399 980 2453 codd.
995 2399 1112 2450 omnibus
1125 2408 1150 2450 et
1162 2408 1224 2451 vett.
1239 2399 1323 2450 editis.

225 2485 252 2537 ln
276 2489 317 2538 fin.
343 2507 437 2544 certam
457 2493 535 2543 ctiam
555 2487 626 2540 CEF.
663 2487 750 2540 Statim
772 2507 822 2559 por
846 2507 936 2542 omaro
962 2505 1044 2555 poene
1065 2488 1221 2555 morineias
1247 2486 1323 2539 ccci-

225 2577 312 2628 400110
331 2575 366 2638 Β,
392 2594 441 2646 por
466 2593 534 2630 cmtt.
559 2594 623 2647 perte
646 2595 722 2646 prov.
748 2579 891 2630 occidentia
915 2574 967 2627 AC.
993 2573 1058 2626 llcd.
1084 2573 1187 2624 Amerb.
1215 2571 1324 2640 Erasma

224 2679 274 2730 per
297 2679 387 2714 omncs
409 2679 474 2730 perte
499 2664 582 2715 occid.
606 2679 684 2732 prov.
710 2659 779 2713 Cost.
797 2661 875 2713 blaur.
895 2659 959 2712 Gilb.
1003 2649 1137 2732 prosper
1155 2677 1223 2714 oneri.
1243 2679 1323 2730 proc.

226 2753 307 2802 occid.
330 2747 402 2800 DEF.
1078 2795 1080 2799 .
1153 2761 1158 2766 ’

297 2841 320 2902 §.
346 2837 383 2888 14.
422 2836 444 2885 1.
463 2839 620 2905 prothasius
638 2833 666 2886 F.
686 2835 789 2886 Amerb.
807 2833 915 2902 Erasm„
932 2840 1076 2908 porcacius
1095 2845 1119 2888 ot
1135 2838 1275 2906 protasius
1292 2833 1324 2887 0.

227 2923 265 2975 1)0
284 2940 312 2974 re
330 2925 381 2974 vid.
401 2923 519 2976 Ambrae.
540 2921 620 2989 Epist.
633 2921 718 2987 XXH„
737 2923 876 2992 Artpustirt.
897 2932 921 2974 el
941 2921 1056 2975 Confess.
1070 2921 1139 2974 titt
1159 2923 1235 2975 etde
1256 2923 1324 2973 civit.

227 3008 399 3060 (1011111118.
437 3009 461 3059 3.
481 3007 543 3060 Post
559 3026 583 3060 v.
603 3027 715 3078 corporo
734 3007 799 3058 DEF
818 3011 932 3061 inserunt
949 3020 1112 3064 surculorum.
1149 3009 1174 3060 5.
1192 3013 1326 3080 prothasii

227 3095 254 3146 li.
275 3095 376 3147 Arrrerb.
396 3094 508 3161 Essem,
529 3100 634 3165 protasi
652 3095 680 3147 E.
718 3096 797 3148 abest
817 3107 964 3168 otortyrum
982 3113 996 3148 a
1015 3093 1110 3147 CDEF.
1148 3097 1207 3148 lllor
1225 3099 1323 3166 aepul-

225 3195 287 3236 taro
312 3187 444 3251 iatropnita
469 3193 526 3238 erut
549 3199 571 3235 e.
592 3183 632 3234 ed.
654 3181 719 3234 lllcd.
740 3183 859 3235 exhibent
882 3183 960 3234 codd.
980 3197 1085 3247 omnes,
1111 3187 1250 3250 sepultura
1274 3186 1323 3234 in-

182 3319 184 3324 .
226 3275 329 3339 coptvitu
347 3281 421 3324 arum
441 3271 501 3334 (sic)
520 3270 623 3322 Amerb.
643 3279 668 3322 et
685 3269 783 3322 Erasm.
813 3269 874 3322 Tum
893 3286 984 3322 cortem
1002 3285 1051 3335 pro
1070 3273 1191 3338 ipsorum
1203 3267 1231 3322 Ο.
1263 3267 1344 3326 blunt¹

225 3360 368 3426 ecptvlobro
393 3375 449 3409 curn
475 3357 645 3424 adspiratione
670 3356 746 3408 codd.
773 3372 860 3408 omnes
881 3365 1035 3424 veteresque
1056 3355 1114 3408 edd.
1137 3372 1159 3406 c.
1179 3357 1276 3409 Erasm.
1297 3365 1325 3408 et

226 3439 310 3508 fust,
338 3449 464 3515 sepulcro
486 3455 596 3514 utroque
621 3446 680 3499 loco
707 3445 784 3497 Maur.
809 3442 874 3494 Gilb.
911 3442 966 3502 Vid.
987 3444 1018 3494 ad
1038 3446 1061 3508 §.
1083 3443 1130 3507 11,
1152 3443 1193 3496 14.
1229 3441 1256 3494 b.
1276 3443 1322 3496 ult.

225 3517 267 3588 {a}
285 3549 333 3600 pro
351 3542 507 3587 solaciorum
525 3531 552 3584 O.
590 3531 672 3582 Verba
690 3533 819 3598 proxima:
847 3533 878 3581 ab
903 3532 1005 3582 iniuria
1028 3534 1170 3598 repeticio-u
1195 3533 1322 3598 deformer

224 3625 329 3674 dotatur.
365 3623 419 3677 Sed
436 3623 482 3674 ubi
498 3631 652 3674 sanctorum
671 3628 827 3690 martyram,
847 3615 941 3666 ibidem
962 3614 1053 3667 desunt

329 3759 356 3811 P.
376 3759 400 3811 8.

297 3847 319 3895 1.
340 3857 403 3899 orarit
422 3864 535 3912 corpora
548 3849 634 3898 100010
648 3842 719 3894 atto.
736 3843 836 3893 darerb.
852 3841 961 3906 Erotem„
980 3852 1113 3898 ructante
1128 3847 1322 3911 1001010οφ00-

221 3935 390 3999 scripturula
410 3930 439 3982 1).
475 3931 499 3981 3.
518 3935 693 3998 perdocentur
710 3929 746 3993 Ε,
775 3933 980 3996 perducebantur
998 3928 1026 3982 F.
1063 3930 1129 3981 Dein
1152 3917 1255 3999 quiden
1272 3947 1322 3996 pro

221 4023 302 4072 ctiam
321 4017 348 4068 C.
386 4019 411 4068 4.
436 4021 465 4070 itt
488 4035 539 4084 prta
564 4013 680 4066 necui.
705 4014 808 4068 Amerb.
831 4014 945 4080 Erasm,
974 4035 1024 4086 quo
1049 4017 1090 4068 ed.
1111 4015 1178 4069 bled.
1215 4017 1239 4068 5.
1258 4029 1324 4071 suut

224 4123 338 4172 corporo
356 4108 488 4157 translata
500 4103 528 4154 G.
561 4103 589 4153 lu
608 4118 682 4170 seqq.
700 4106 855 4156 uestimenta
873 4119 921 4170 pro
941 4114 1039 4157 ocatur
1057 4102 1156 4168 cubi,
1172 4113 1323 4172 mrtyram

224 4201 324 4262 ocstcru
341 4190 371 4239 Α.
409 4191 433 4240 6.
456 4193 540 4259 attipit
565 4190 641 4241 codd.
668 4205 757 4242 omnes
781 4199 934 4258 veteresque
959 4191 1017 4242 edd.
1037 4207 1059 4242 o.
1080 4189 1176 4242 lirasm.
1195 4199 1223 4241 et
1240 4188 1322 4256 (lost,
