2894 4716
508 369 819 430 1551131031111.
1031 451 1042 460 .
1143 369 1204 439 tot

187 545 212 610 ς.
231 541 281 606 tt,
301 540 326 592 1.
350 541 427 609 ipsos
451 551 500 588 om.
523 535 565 588 W.
593 533 706 586 bionscc.
731 542 757 584 et
781 532 850 596 bob,
877 533 932 602 ipsi
955 529 1042 584 scribit
1066 529 1111 583 tte.
1146 528 1208 582 Turn

107 634 189 686 ioris
212 629 322 684 iurandi
345 632 415 676 recte
439 622 561 693 exhibent
577 621 617 674 W.
636 619 738 674 brudei
759 627 785 671 ct
803 618 887 683 bobo,
913 622 1095 674 iurisiurandi
1117 618 1210 688 iegitur

286 715 319 754 art
330 711 469 762 nomisma·

109 768 205 837 volgo.
242 768 267 820 2.
286 769 488 838 promittendum
506 763 577 832 („vei
594 761 776 834 prorniscum“
796 775 810 812 a
829 776 849 812 r.
868 777 900 814 nr.
918 761 1059 830 superior.)
1078 759 1133 827 bie,
1157 776 1211 814 aori

110 873 186 925 esse,
204 858 295 925 sirim
312 851 355 904 itt.

223 958 249 1012 P.
269 959 329 1012 202.

187 1048 212 1098 -1,
231 1049 420 1117 spoponderint
438 1043 469 1096 W
487 1052 514 1095 et
531 1041 575 1096 iia.
620 1043 645 1094 2.
670 1045 741 1097 sicot
761 1045 792 1096 dc
809 1045 911 1096 Herode
929 1060 1015 1112 cupro
1033 1037 1211 1112 scripsimus]

112 1135 158 1186 111.
179 1136 204 1187 5.
229 1137 253 1200 §.
273 1133 316 1186 35.
353 1134 419 1186 Ads.
439 1136 550 1201 turpiter
567 1147 617 1184 om.
636 1130 684 1182 iic.
730 1130 807 1182 1-5,
832 1133 1047 1194 iurisiurandi,
1074 1137 1211 1197 utsupra,

115 1222 169 1274 iiao
189 1231 216 1274 et
235 1221 318 1290 berg,
338 1222 398 1274 item
416 1237 454 1288 pr.
474 1218 527 1287 db,
545 1222 731 1274 imisirmmdo
750 1218 798 1282 W,
818 1221 890 1273 ioris
907 1221 1022 1272 iurando
1040 1234 1093 1286 pn,
1112 1233 1127 1269 e
1147 1232 1211 1272 corr.

114 1312 191 1363 iuria
217 1311 329 1363 iurandi
345 1306 401 1374 bin,
425 1310 609 1362 iurisiurandi
634 1305 708 1357 ttbcd
734 1305 882 1374 vulgatique
908 1305 972 1356 libri.
1018 1307 1042 1356 5.
1068 1308 1121 1359 tuis
1136 1305 1168 1356 W
1188 1312 1214 1358 et

115 1395 233 1448 Monacc.
277 1397 305 1448 ii.
327 1405 418 1464 posset
441 1398 496 1449 dici
520 1393 579 1445 edd.
599 1392 666 1445 died.
684 1391 763 1443 binus.
789 1401 815 1444 et
833 1391 915 1456 Giib.‚
943 1396 1031 1461 poerit
1054 1395 1110 1447 diri
1128 1390 1163 1442 Bc
1187 1399 1214 1444 st

116 1482 238 1551 bibcdeig
256 1500 278 1536 c.
297 1484 356 1536 edd.
370 1482 425 1536 col.
445 1481 548 1536 Amerb.
569 1482 714 1549 ceterisque
732 1479 870 1532 biaurinsm
889 1478 1109 1544 antecedentibus,
1126 1484 1215 1549 poscit

117 1574 183 1625 dicit
208 1569 247 1623 W.
289 1569 326 1622 ita
349 1585 387 1638 pr.
411 1571 487 1623 etiarn
511 1569 565 1634 iiis,
591 1585 638 1636 per
660 1584 710 1620 ras.
733 1572 821 1637 possit
843 1571 903 1622 dici.
949 1568 974 1619 7.
1000 1572 1120 1623 ecirotos
1143 1577 1214 1620 scote

116 1657 226 1710 diabcde
244 1664 271 1710 et
289 1655 327 1710 Bu
344 1656 520 1727 editionesqoc
538 1655 635 1710 Erssm.
656 1664 682 1707 et
699 1656 866 1724 posteriores,
884 1659 991 1711 circius
1009 1671 1058 1724 pr.‚
1078 1671 1109 1707 ex
1128 1663 1214 1707 mutat
1262 1701 1264 1708 .

116 1761 138 1796 r.
158 1761 191 1796 m.
211 1748 320 1800 bursius
339 1743 386 1812 W,
412 1750 554 1802 adimatur
573 1745 614 1802 ed.
637 1744 720 1811 died,
747 1748 869 1799 adoratos
887 1744 939 1812 ntrg
957 1751 983 1796 et
1002 1744 1130 1811 exemptor
1148 1742 1215 1809 Coi,

118 1833 254 1884 deierotus
271 1830 309 1881 iib
328 1848 351 1882 c.
370 1831 490 1898 boseth„
514 1851 544 1887 eo
562 1836 651 1887 iratos
670 1830 714 1883 Bc.
756 1830 781 1881 8.
800 1835 962 1899 promiserat
979 1847 995 1882 o
1011 1842 1177 1902 prompserat
1195 1847 1214 1883 r.

119 1931 154 1967 ru.
175 1915 321 1970 emendavit
339 1919 364 1967 in
383 1917 430 1970 bia.
466 1919 532 1972 Dein
558 1927 615 1970 sote
637 1921 754 1987 infertur
772 1918 861 1970 eudem
881 1935 913 1970 rn.
933 1935 952 1970 r.
970 1935 1047 1987 supra
1065 1918 1162 1970 addidit
1180 1918 1214 1986 gi.

59 2013 61 2018 ’
120 2012 146 2056 ct
164 2006 193 2056 oi
213 1998 254 2070 id,
275 2019 350 2072 quarn
369 2005 447 2056 ceteri
465 2003 579 2056 bionaco.
598 2005 624 2057 in
642 2011 761 2056 contextu
780 2003 884 2056 hebent.
920 2003 982 2056 Tum
1000 2008 1030 2057 irs
1047 2008 1123 2060 disco
1142 2003 1187 2056 Bb.

191 2109 216 2173 §.
235 2107 278 2172 78,
298 2109 322 2160 1.
341 2127 394 2164 nora
410 2111 529 2179 menum]
549 2107 622 2164 Goni.
642 2113 699 2166 cir.
718 2110 751 2163 de
770 2110 837 2162 offic.
856 2109 898 2162 111.
917 2110 960 2164 25.
978 2114 1002 2176 §.
1022 2109 1064 2160 st.
1101 2111 1126 2162 2.
1145 2129 1215 2181 pro·
1238 2117 1239 2122 ’

121 2198 233 2250 misisse
255 2197 419 2268 principem]
447 2197 502 2250 dioc
525 2199 614 2250 ordine
633 2198 674 2250 W.
700 2199 812 2252 Menace.
839 2208 865 2250 et
888 2197 941 2250 sec
966 2207 1120 2267 veteresque
1145 2197 1215 2264 edd,

121 2287 207 2352 princ.
227 2277 366 2356 premiis
391 2302 414 2337 o.
434 2287 528 2341 ceteris
547 2287 628 2340 editis.
665 2285 726 2339 Turn
746 2290 847 2357 depictis
870 2288 930 2339 edd.
949 2286 1023 2338 Rom.
1042 2285 1121 2338 Maur.
1141 2283 1216 2349 Giib.‚

122 2373 224 2436 icptbae
242 2363 406 2442 (scrspotius
424 2376 556 2444 iepbtbos)
576 2374 621 2427 iia.
659 2375 744 2428 Ceteri
768 2374 824 2427 iibri
848 2376 935 2442 scripti
960 2381 987 2426 et
1011 2375 1078 2441 typis
1103 2372 1216 2439 expressi

124 2455 244 2510 fluctuant
261 2461 328 2511 iuter
345 2464 439 2531 tepide,
457 2464 523 2529 iepte
542 2469 568 2513 et
586 2465 678 2532 ispius·
715 2462 774 2513 biox
792 2465 895 2516 mutioo
913 2478 960 2529 pro
979 2464 1025 2515 deo
1044 2459 1118 2512 codd.
1137 2457 1174 2509 iic
1192 2465 1217 2508 ct

124 2543 180 2610 edd.
201 2541 255 2598 cor.
274 2554 351 2616 atque
368 2546 433 2600 died.
470 2546 537 2600 Deio
557 2552 681 2619 quidquid
698 2549 730 2600 W
749 2566 771 2603 c.
793 2548 851 2600 cdd.
870 2547 936 2601 died.
955 2548 1027 2601 Rom.
1047 2547 1124 2600 biaur.
1142 2544 1216 2609 Giib,

75 2659 78 2664 ·
125 2636 240 2702 quitquid
257 2634 308 2704 big,
327 2639 451 2705 quioquid
469 2636 543 2690 codd.
564 2645 591 2690 et
609 2637 669 2691 edd.
688 2638 744 2692 reii.
782 2637 860 2691 3-4.
878 2654 938 2692 crim
954 2641 1011 2706 ipsi
1023 2636 1053 2686 W
1073 2644 1099 2688 et
1117 2651 1155 2704 pr.
1169 2634 1216 2698 bia,

125 2734 229 2787 quorum
253 2721 296 2774 hic
315 2737 330 2774 e
349 2738 414 2776 corr.
433 2740 453 2776 r.
473 2740 505 2777 m.
530 2729 719 2795 semipsum,
747 2726 816 2794 qnod
841 2727 900 2776 itere
925 2726 1051 2792 reperitur
1074 2725 1100 2775 in
1124 2721 1217 2774 ceteris

125 2806 235 2862 Menace.
272 2809 297 2862 1.
316 2822 472 2866 occurreret
489 2810 535 2864 Bb.
573 2814 597 2864 5.
617 2817 730 2868 concidit
748 2812 791 2864 111.
827 2812 889 2865 Turn
909 2815 973 2867 dicit
990 2811 1022 2862 W
1042 2819 1068 2862 et
1086 2808 1162 2874 disci,
1181 2812 1218 2864 oit

25 2895 26 2932 3
126 2891 224 2962 iibcdq.
261 2899 335 2962 Mes,
362 2898 430 2967 quod
455 2908 514 2968 post
535 2903 591 2970 fitia
615 2901 766 2966 adiecerunt
791 2899 897 2952 Maurini
923 2908 949 2952 et
973 2899 1116 2964 (tilbertus,
1144 2897 1216 2949 omisi

126 2981 304 3042 praeeuntibus
323 2983 392 3038 tibris
410 3001 486 3038 menn
504 2988 605 3056 scriptis
623 2989 748 3058 editisque
765 2988 889 3041 omnibus.
904 3030 905 3034 ,
921 2988 987 3041 Dein
1004 2989 1139 3058 impedisti
1152 2988 1219 3040 mibi

25 3081 26 3100 .
127 3063 178 3115 Coi.
198 3065 264 3118 died.
283 3067 360 3120 Maur.
381 3069 462 3135 Giib.;
482 3073 546 3124 baec
565 3073 644 3126 verbs
662 3075 701 3128 bis
719 3084 814 3143 ponunt
829 3075 932 3128 Amerb.
946 3075 1043 3127 Erssrn.
1058 3073 1126 3127 Cost.
1142 3083 1217 3142 atquc
1281 3089 1282 3092 ’

126 3149 227 3219 Pistor,
252 3163 340 3207 contra
359 3160 562 3228 deceptissime,
584 3163 795 3230 impedimentum
811 3165 840 3215 in
858 3165 945 3217 oooiia
963 3165 1031 3216 meis
1048 3161 1126 3214 babet
1143 3161 1216 3213 som.

25 3261 26 3284 r
127 3237 173 3291 Pro
196 3243 263 3294 mibi
285 3244 375 3310 scripsi
399 3263 441 3299 ms
459 3261 515 3298 curu
535 3245 609 3299 codd.
629 3249 764 3313 omnibns,
792 3251 812 3302 si
832 3252 944 3317 excipias
963 3247 1006 3300 Bc.
1042 3248 1171 3316 Deinceps
1189 3254 1218 3302 in

78 3399 79 3404 ἵ
98 3359 103 3366 ·
128 3330 262 3382 stimulum
280 3332 400 3386 dotorum
418 3331 590 3400 praebuerunt
608 3333 640 3384 W
659 3343 685 3386 et
703 3335 801 3404 biaeig,
828 3335 977 3403 quibuscum
996 3337 1140 3402 conspirent
1157 3336 1215 3387 edd.

127 3414 226 3468 Amerb.
256 3424 411 3486 ceteraeque
439 3428 498 3473 ante
525 3419 619 3488 Maur..
653 3422 685 3473 ad
712 3437 825 3473 normam
855 3423 1071 3489 interpretationis
1098 3422 1217 3489 antiques

128 3504 204 3568 (coni.
223 3507 353 3559 Substitit
373 3505 442 3558 Tom.
455 3506 475 3558 1.
494 3523 511 3576 p
533 3509 609 3576 451),
628 3513 657 3562 io
675 3513 813 3564 stimulum
831 3512 950 3563 doiorum
967 3511 1085 3564 meorum
1102 3509 1218 3561 scribitur

128 3592 256 3658 iniibcd‚
282 3596 311 3647 in
336 3598 473 3648 stimuiom
497 3597 599 3650 doioris
623 3597 649 3648 in
673 3594 724 3661 tta,
753 3597 967 3664 praepositionem
992 3605 1075 3648 autern
1100 3613 1150 3650 orn.
1172 3596 1218 3663 Bc,

129 3682 249 3736 stimulos
268 3683 369 3736 doioria
395 3681 497 3734 exbibet
517 3682 569 3749 Bb,
598 3685 638 3734 cui
657 3684 840 3752 adstipulantur
858 3685 916 3736 edd.
935 3683 989 3738 Coi.
1010 3684 1075 3738 died.
1094 3694 1121 3737 et
1139 3685 1218 3738 biaur.

130 3777 151 3813 c.
168 3763 230 3818 (iiib.
266 3767 370 3838 Legitur
391 3770 416 3821 in
437 3768 549 3822 Graeco:
574 3761 607 3821 Ἦ
625 3767 640 3820 ἆ
660 3771 768 3840 θυγάτηρ
785 3791 846 3836 μου,
871 3771 969 3840 ταραχῇ
982 3769 1091 3839 irripuerit
1108 3789 1151 3834 ps,
1178 3773 1218 3820 καὶ

130 3845 237 3914 0111ςῖ1
253 3859 289 3922 τῷ
306 3853 405 3925 sordre
422 3875 477 3922 pov.
521 3860 545 3910 8.
564 3864 658 3914 statuit
676 3863 879 3928 deplorandam,
908 3865 969 3930 quia
992 3859 1084 3929 (quom
1102 3858 1149 3928 iic)
1166 3877 1217 3914 as-

32 3967 34 3976 =
131 3955 201 3994 cessa
218 3944 308 3997 buioit
329 3939 486 3998 intermediis
505 3948 605 4000 omissis
622 3945 686 3999 Rbc.
725 3947 765 3998 11.
784 3950 886 4002 irruisti
904 3947 934 3998 W
953 3956 979 3999 et
993 3947 1030 3998 Bb
1049 3963 1072 3998 c.
1091 3947 1149 3999 edd.
1163 3944 1217 4001 Coi.

132 4041 159 4076 sc
176 4025 240 4078 died.
278 4028 313 4081 itu
332 4032 349 4082 1.
367 4033 405 4085 12.
424 4034 500 4085 iidern
520 4033 595 4086 codd.
626 4033 694 4086 'Tum
713 4037 816 4104 depictis
834 4035 890 4086 edd.
908 4035 982 4088 Rom.
1002 4034 1079 4085 Maur.
1098 4043 1124 4085 ct
1143 4032 1218 4100 (1111),,

130 4116 222 4184 isptitus
246 4112 305 4166 Bra.
342 4117 396 4172 Scr.
423 4121 499 4190 igitur
524 4124 651 4189 depitboe.
689 4113 773 4174 Ceteri
798 4122 856 4174 libri
883 4139 956 4176 runnu
982 4123 1079 4174 exarati
1104 4130 1129 4173 et
1152 4123 1219 4189 typis

132 4203 238 4270 expressi
261 4204 375 4272 ssrient,
402 4217 429 4260 ut
446 4225 547 4279 supra·
578 4208 618 4262 1³.
640 4211 815 4266 Goiuoditiriis
834 4209 885 4279 Bc,
915 4211 1020 4265 iisurini
1039 4219 1065 4264 et
1083 4209 1219 4274 (idherius,

169 4295 328 4346 Assacanos.
969 4299 1010 4368 26
