2932 4700
201 360 224 426 q
710 351 788 408 urs

203 516 361 578 credentes
390 515 420 578 in
450 515 571 580 nomine
601 530 679 577 meo.
699 510 727 596 ¹)
773 513 861 589 Quod
890 520 990 577 tamon
1018 515 1135 598 signum
1166 515 1298 579 sanitatis

202 637 234 693 ut
257 629 389 692 mirabile
413 628 476 709 luit,
499 631 538 692 ita
560 629 646 691 etiam
670 645 727 690 nec
752 629 917 704 occultum;
941 647 1008 692 nam
1032 646 1090 711 ego
1113 629 1221 692 hocin
1243 648 1298 692 ea-

203 743 271 806 dem
301 745 428 825 regione
458 748 528 825 post
557 759 652 804 annos
683 742 825 824 plurimos
856 744 966 807 sanctis
996 743 1068 807 viris
1099 742 1298 807 referentibus

202 858 317 939 positus
340 859 371 922 in
393 858 472 920 Urbe
496 855 636 938 cognovi.

292 968 340 1035 11.
387 970 523 1036 Sirmium
545 987 621 1032 vero
645 987 711 1033 cum
734 970 771 1032 ad
794 969 988 1034 ordinandum
1018 970 1190 1052 episcopum
1212 968 1299 1033 Ane-

203 1083 291 1146 mium
314 1081 499 1164 perrexisset
521 1081 622 1161 ibique
641 1081 769 1145 Iustinae
786 1089 855 1144 tuno
871 1083 1013 1164 temporis
1028 1084 1152 1165 reginae
1167 1085 1299 1166 potentia

204 1204 234 1258 et
257 1194 439 1260 multitudine
463 1194 647 1259 coadnunata
670 1195 708 1256 de
739 1195 866 1258 ecclesia
897 1195 1077 1277 pelleretur,
1111 1202 1143 1258 ut
1173 1215 1234 1262 non
1264 1199 1300 1260 ab

204 1309 288 1390 ipso,
320 1307 374 1370 scd
398 1308 434 1370 ab
457 1306 616 1369 haereticis
639 1306 769 1370 hrianus
793 1307 953 1388 episcopus
982 1308 1012 1371 in
1041 1309 1146 1372 eadem
1174 1311 1301 1374 ecelesia

206 1422 395 1486 ordinaretur
414 1428 556 1501 essetque
572 1422 749 1484 constitutus
765 1423 796 1484 in
811 1423 958 1501 tribunali,
974 1423 1047 1485 nihil
1062 1442 1170 1488 curans
1187 1442 1301 1506 eorum,

206 1554 282 1617 quae
312 1553 329 1598 a
358 1535 484 1598 muliere
514 1535 735 1615 excitabantur,
768 1555 827 1598 una
859 1535 896 1598 de
926 1537 1092 1620 virginibus
1122 1536 1301 1601 Arianorum

206 1648 394 1730 inpudentior
410 1649 518 1712 ceteris
537 1649 663 1712 tribunal
686 1649 893 1713 conscendens
916 1650 1105 1732 adprehenso
1122 1651 1301 1714 vestimento

206 1762 372 1826 sacerdotis
395 1781 461 1826 cum
483 1763 562 1826 illum
585 1763 734 1826 attrahere
758 1765 848 1826 vellet
871 1764 908 1826 ad
930 1770 1043 1846 partem
1066 1764 1238 1844 mulierum,
1271 1769 1303 1828 ut

206 1878 242 1938 ab
265 1877 338 1957 ipsis
361 1895 467 1939 caesus
492 1875 529 1938 de
552 1877 681 1939 ecclesia
704 1877 880 1957 pelleretur,
905 1875 1030 1955 audivit,
1054 1883 1086 1937 ut
1107 1877 1172 1957 ipse
1196 1877 1301 1940 solitus

207 1997 270 2052 erat
291 1990 425 2052 referre:
450 1991 518 2053 Etsi
542 2010 597 2071 epo
621 1992 770 2072 iudlqous
793 1998 879 2055 tanto
901 1991 1080 2054 sacerdotio
1097 2009 1175 2068 sum,
1200 1997 1302 2050 tamem

207 2113 235 2166 te
265 2124 329 2167 nou
359 2105 505 2169 convenit
531 2105 581 2166 cel
605 2107 838 2188 professionem
871 2113 955 2168 tuom
987 2106 1021 2166 in
1055 2105 1303 2186 qualemcumque

206 2220 400 2282 sacerdotem
422 2237 533 2280 monus
557 2219 692 2292 iuicere5
718 2221 801 2280 unde
825 2219 918 2282 debes
939 2221 1042 2281 ocrem
1066 2219 1117 2280 dm'
1140 2219 1302 2295 iudicium,

207 2352 246 2394 ue
269 2333 325 2394 tibi
348 2333 470 2412 aliquid
493 2333 638 2396 eveniet..
671 2333 758 2408 Quod
775 2335 883 2397 dictum
899 2335 997 2396 exitus
1013 2333 1213 2410 confirmavit3
1236 2351 1305 2396 nam

181 2442 266 2512 lalio
290 2447 338 2508 die
360 2453 504 2510 mortuam
527 2446 564 2508 ad
596 2448 784 2528 sepulchrum
815 2466 911 2528 usque
943 2447 1066 2510 deduxit
1095 2448 1219 2530 gratiam
1248 2465 1304 2529 pro

208 2560 385 2624 contumelia
409 2561 589 2641 rependens.
633 2562 670 2624 Et
698 2563 756 2624 hoc
785 2562 892 2627 lactum
920 2581 982 2626 non
1005 2563 1102 2625 levem
1125 2563 1305 2627 adversariis

209 2676 332 2738 incussit
355 2682 462 2738 metum
484 2695 649 2758 pacemque
673 2694 809 2760 magnam
833 2677 979 2740 ecclesiae
1003 2676 1165 2740 catholicae
1194 2678 1224 2740 in
1251 2695 1305 2740 or-

210 2787 338 2852 dinando
363 2791 505 2871 episcopo
530 2791 638 2853 tribuit.

300 2904 347 2969 12.
393 2906 536 2969 Ordinato
559 2908 659 2988 itaque
683 2907 829 2970 catholico
852 2907 1010 2971 sacerdote
1030 2905 1229 2969 Mediolanum
1251 2924 1307 2968 re-

210 3019 335 3082 vertitur
357 3020 456 3102 ibique
480 3041 570 3103 supra
595 3022 690 3085 diotae
706 3023 834 3086 Iustinae
850 3024 981 3086 mulieris
998 3024 1168 3086 innumeras
1184 3021 1308 3083 insidias

211 3136 365 3214 sustinuit,
396 3155 472 3217 quae
495 3139 667 3200 muneribus
690 3144 779 3219 atque
803 3139 967 3200 honoribus
996 3137 1142 3200 adversus
1175 3121 1308 3197 sanctum

210 3249 305 3311 virum
335 3250 439 3312 oblatis
467 3252 607 3333 populum
638 3252 795 3314 excitabat.
841 3252 901 3316 Sed
931 3251 1114 3314 intirmorum
1144 3248 1232 3311 animi
1258 3255 1307 3310 ta·

210 3362 287 3426 libus
311 3365 465 3445 promissis
489 3365 728 3448 decipiebantur;
759 3368 948 3448 promittebat
977 3368 1055 3442 enim
1085 3364 1249 3426 tribunatus
1280 3367 1309 3423 et

213 3477 348 3540 diversas
372 3479 443 3541 alias
468 3480 624 3562 dignitates
647 3483 700 3559 iis,
734 3482 783 3561 qui
812 3482 893 3544 illum
920 3482 958 3544 de
982 3480 1111 3544 ecclesia
1134 3483 1249 3558 raptum
1272 3474 1309 3538 ad

213 3592 348 3656 exsilium
371 3594 590 3675 perduxissent.
637 3595 723 3670 Quod
747 3615 813 3658 cum
836 3596 918 3658 multi
941 3600 1140 3670 conarentur,
1171 3589 1226 3652 sed
1250 3589 1308 3652 deo

213 3706 352 3787 praesule
374 3709 521 3789 perlicere
544 3728 605 3773 non
628 3709 779 3789 valerent,
812 3728 888 3772 unus
911 3708 1059 3772 infelicior
1088 3707 1215 3783 ceteris,
1248 3723 1309 3767 no-

214 3820 292 3882 mine
307 3821 492 3906 Euthymios,
516 3830 596 3886 tanto
619 3824 722 3887 lurore
746 3826 892 3886 excitatus
916 3831 971 3902 est,
994 3828 1026 3884 ut
1049 3822 1130 3882 iuxta
1151 3819 1308 3882 ecclesiam

215 3933 271 3996 sibi
294 3934 411 4001 domum
435 3946 554 4020 pararet
577 3947 665 4029 utque
687 3940 717 4011 in
741 3937 844 4008 eadem
867 3955 984 4039 0an
1007 3934 1217 4012 constitueret,
1249 3951 1311 4023 quo.

218 4089 420 4100 -m-—n-n—--a-

287 4177 314 4249 1)
333 4177 419 4233 loann.
439 4181 482 4247 14,
503 4181 541 4238 12.
