2976 4706
229 342 292 408 128
672 339 697 396 S.
717 337 872 395 ubueosu

225 500 346 564 vitatem
371 500 510 566 exhibeat
533 502 751 581 conscientiae,
784 509 814 564 et
837 499 905 565 ideo
933 499 1042 564 indicio
1067 507 1130 580 est,
1163 500 1243 582 quod
1266 519 1327 565 nou

225 615 335 678 minuat
357 614 444 678 dolor
466 615 583 678 virtutis
607 613 795 695 voluptatem.
841 613 921 677 Sicut
945 630 1020 696 ergo
1045 613 1123 676 nulla
1146 613 1248 676 virtuti
1269 612 1327 674 de-

226 729 325 792 cessio
354 729 544 792 beatitudinis
567 746 622 810 per
645 727 800 807 dolorem,
831 728 869 790 ita
895 728 982 790 etiam
1004 726 1083 790 nulla
1113 726 1250 788 accessio
1272 744 1328 808 per

224 841 404 924 voluptatem
436 844 573 925 corporis
607 851 657 906 aut
692 841 916 905 commodorum
951 842 1085 924 gratiam.
1139 841 1185 902 De
1220 841 1327 922 quibus

224 955 348 1038 pulchre
365 955 520 1036 apostolus
542 958 598 1020 ait:
617 955 639 1035 ¹)
664 955 751 1032 Oeae
773 957 849 1018 mibi
873 957 963 1018 lucra
984 953 1123 1032 fueruat,
1147 955 1225 1016 baec
1248 955 1328 1016 darei

222 1075 353 1147 propter
390 1067 546 1130 Christum
580 1068 764 1130 detrimenta
798 1087 873 1129 erre.
918 1066 954 1127 Et
988 1064 1114 1128 addidit:
1132 1061 1164 1146 ²)
1198 1064 1329 1143 Propter

226 1195 315 1258 quem
337 1178 442 1241 omnia
468 1179 583 1242 damna
606 1179 686 1240 duci
709 1186 738 1239 et
761 1178 892 1240 aestimo
923 1184 1083 1253 stercora,
1113 1185 1148 1238 ut
1172 1176 1329 1239 Christum

226 1292 432 1374 lucrifaciam.

315 1402 364 1468 13.
408 1405 543 1486 Denique
574 1403 696 1486 Moyses
728 1401 865 1465 damnum
896 1421 982 1466 suum
1014 1402 1141 1464 credidit
1170 1402 1328 1465 thesauros

227 1535 296 1582 esse
319 1518 538 1602 Aegyptiorum
571 1524 601 1579 et
629 1518 822 1600 opprobrium
854 1518 1019 1581 dominicae
1050 1518 1147 1580 crucis
1178 1518 1336 1598 praetulit*

225 1647 283 1691 nec
305 1635 376 1692 tuno
399 1627 502 1706 dives,
536 1648 602 1691 cum
626 1628 789 1690 abundaret
820 1630 964 1710 pecunia,
995 1647 1052 1690 nec
1074 1636 1180 1711 postea
1203 1648 1327 1714 pauper,

226 1759 294 1803 cum
316 1747 422 1823 egeret
443 1741 593 1820 alimento,
617 1741 673 1803 nisi
690 1741 768 1804 forte
784 1748 853 1804 tunc
875 1742 962 1804 alicui
986 1743 1082 1805 minus
1105 1745 1211 1806 beatus
1236 1743 1328 1806 vide-

226 1861 311 1917 retur
333 1853 442 1934 iuisse,
467 1875 533 1918 eum
555 1856 584 1917 in
609 1855 730 1918 deserto
755 1854 902 1918 cotidiana
925 1856 1062 1918 alimonie
1086 1857 1143 1918 sibi
1165 1864 1195 1919 et
1216 1839 1328 1938 populo

227 1984 282 2032 suo
306 1968 430 2032 deforet.
476 1968 535 2034 Sed
560 1969 639 2050 quod
663 1970 769 2034 summi
792 1969 863 2033 boni
886 1988 921 2032 ac
944 1968 1133 2034 beatitudinis
1156 1988 1245 2034 nemo
1269 1987 1329 2034 ne-

226 2099 301 2164 gare
324 2079 448 2161 audeat,
479 2101 584 2146 manna
608 2084 654 2162 ei,
687 2083 745 2145 boc
768 2090 829 2163 est,
860 2084 945 2164 panis
968 2083 1143 2166 angelorum
1175 2085 1329 2147 ministra-

225 2195 312 2259 batur
335 2214 352 2256 e
375 2195 475 2274 caelo,
514 2215 620 2259 carnes
651 2215 772 2278 quoque
802 2195 948 2260 cotidiana
980 2197 1078 2277 pluvia
1112 2197 1202 2260 totius
1231 2197 1328 2279 plebis

227 2310 323 2391 epulis
346 2308 560 2373 redundabant.
578 2307 610 2394 ³)

317 2421 364 2486 14.
410 2423 512 2486 Heliae
546 2441 667 2504 quoque
697 2431 802 2487 sancto
835 2424 919 2505 panis
947 2422 984 2484 ad
1011 2425 1119 2485 victum
1150 2421 1269 2500 deerat,
1303 2423 1329 2485 si

229 2543 440 2618 quaereretur3
464 2536 518 2600 sed
542 2555 601 2599 nou
626 2537 781 2600 videbatur
803 2536 920 2616 deesse,
945 2537 1013 2618 quia
1036 2554 1098 2598 uon
1121 2534 1328 2616 quaerebatur.

106 2701 118 2738 4
227 2648 329 2729 ltaque
352 2648 459 2711 diurno
484 2665 644 2711 corvorum
668 2649 813 2729 obsequio
838 2665 923 2710 mane
945 2649 1040 2729 panis,
1065 2665 1135 2710 caro
1159 2647 1195 2711 ud
1214 2665 1328 2728 vespe-

227 2780 289 2824 ram
314 2761 512 2824 deferebatur.
530 2755 563 2843 ⁴)
608 2760 755 2841 Numquid
787 2760 855 2823 ideo
886 2762 981 2824 minus
1010 2762 1132 2838 beatus,
1165 2761 1233 2842 quia
1264 2767 1329 2822 erat

226 2892 340 2957 pauper
363 2874 442 2936 sibi?
476 2874 604 2937 Minime.
650 2873 740 2937 immo
764 2892 801 2937 eo
824 2875 918 2958 magis
941 2876 1063 2954 beatus,
1087 2875 1156 2955 quia
1179 2881 1243 2938 erat
1267 2873 1328 2937 deo

228 2983 321 3048 dives.
366 2983 442 3047 Aliis
473 2985 568 3063 enim,
600 3004 685 3066 quam
711 2986 767 3048 sibi
791 2985 909 3048 divitem
940 3004 1009 3049 esse
1038 2993 1184 3068 praestat,
1217 2993 1249 3050 ut
1270 2987 1328 3050 iste

218 3104 308 3176 erat,
340 3099 391 3178 qui
422 3104 557 3179 tempore
589 3097 674 3161 famis
706 3100 801 3162 cibum
825 3119 841 3162 a
867 3100 953 3163 vidua
984 3100 1121 3181 petebat,
1156 3101 1328 3184 largiturus,

226 3216 259 3274 ut
281 3211 387 3294 hydria
416 3211 529 3274 farinae
552 3230 606 3293 per
629 3213 786 3276 triennium
809 3219 838 3275 et
861 3231 916 3276 sex
940 3231 1060 3276 menses
1092 3232 1152 3277 non
1186 3213 1329 3277 deiiceret

228 3331 258 3388 et
287 3324 453 3387 cotidianos
485 3343 556 3388 usus
588 3327 646 3390 olei
678 3347 731 3390 vus
761 3328 867 3391 viduae
900 3328 981 3409 inopi
1006 3327 1215 3392 sufficeretur
1238 3327 1328 3410 mini-

203 3442 342 3520 straret.
360 3433 392 3520 ⁵)
437 3436 543 3501 Merito
567 3438 606 3500 ibi
630 3439 749 3502 volebat
771 3440 875 3503 Petrus
899 3457 985 3520 esse,
1019 3441 1069 3503 ubi
1093 3441 1166 3506 istos
1198 3441 1326 3504 videbat.

226 3549 332 3613 Merito
356 3550 386 3612 in
408 3556 508 3612 monte
537 3571 603 3614 cum
627 3550 744 3615 Christo
773 3553 803 3614 in
826 3553 923 3634 gloria
955 3563 1171 3635 apparuerunt,
1205 3556 1274 3636 quia
1299 3549 1331 3618 et

227 3666 293 3745 ipse
315 3682 429 3746 pauper
453 3663 554 3746 iactus,
572 3672 636 3746 est,
661 3684 727 3729 cum
751 3666 835 3729 dives
859 3675 949 3730 esset.
966 3663 998 3750 6)

319 3774 367 3840 15.
413 3776 532 3842 Nullum
550 3797 626 3862 ergo
646 3780 852 3843 adminiculum
876 3786 1028 3864 praestant
1050 3780 1171 3844 divitiae
1187 3780 1223 3843 ad
1239 3781 1328 3844 vitum

233 3894 439 3903 m

299 3935 326 4011 d)
345 3945 409 4000 Phil.
429 3948 455 4014 3,
474 3950 490 4000 ¹7
509 3966 562 4019 seq.
652 3952 682 4022 2)
700 3951 778 4004 Hebe.
798 3952 840 4018 ii,
859 3951 901 4004 26.
992 3951 1020 4017 3)
1039 3951 1122 4006 Exod.
1142 3951 1184 4018 16,
1204 3950 1237 4002 13
1256 3967 1328 4021 seqq.

227 4031 300 4086 llum.
321 4033 363 4099 11,
383 4032 414 4084 31
436 4051 506 4105 seqq.
528 4046 555 4089 et
572 4037 663 4092 Paalm.
683 4039 727 4106 rt,
747 4039 789 4093 27.
870 4039 900 4108 d)
920 4037 942 4090 3.
961 4037 1024 4108 neg.
1046 4038 1088 4104 17,
1107 4039 1131 4091 6.
1215 4040 1244 4109 5)
1262 4038 1325 4091 lbid.

227 4134 252 4174 v.
273 4119 312 4173 14.
384 4119 413 4185 ο)
431 4120 518 4176 narra.
540 4123 581 4191 rr,
601 4125 624 4177 4.
