2976 4706
243 364 307 430 ΗΟ
680 361 706 418 S.
724 361 879 419 antostt

331 520 403 590 224.
447 523 547 588 llabes
577 523 656 590 bunc
685 524 826 590 decorem
855 525 1044 611 generalem,
1075 526 1144 608 quia
1167 525 1238 590 iecit
1260 526 1335 592 deus

241 635 343 704 mundi
368 637 454 704 istius
481 637 742 720 pulchritudinem
772 639 864 704 babes
888 647 917 704 et
939 658 994 722 per
1016 647 1135 722 partes,
1166 640 1235 722 quia
1267 657 1333 704 eum

244 752 356 816 feceret
378 751 453 817 deus
475 753 572 818 lucem
589 750 620 838 ¹)
652 761 682 817 et
713 753 789 818 diem
817 761 997 837 noctemque
1025 754 1237 838 distingueret,
1269 773 1336 818 cum

242 866 387 932 conderet
409 867 540 948 caelum,
573 886 639 931 curn
662 875 757 934 terras
781 877 812 933 et
833 871 924 934 maria
947 875 1120 952 separaret,
1151 885 1218 934 eom
1240 869 1336 934 solem

246 987 274 1042 et
296 981 395 1045 lunam
419 986 449 1042 et
471 979 572 1044 stellas
597 981 791 1044 constitueret
812 981 916 1046 lucere
938 1001 1029 1065 super
1050 987 1176 1064 tanam,
1200 983 1337 1065 probarit
1452 1043 1454 1049 Α
1479 965 1480 972 ¹

241 1094 367 1178 singula.
412 1093 493 1176 Ergo
517 1093 659 1158 decorum
682 1096 758 1174 boc,
782 1096 861 1178 quod
882 1097 912 1160 in
934 1095 1059 1180 singulis
1081 1095 1182 1160 mundi
1204 1097 1336 1178 partibus

242 1208 394 1288 elucebat,
426 1209 456 1270 in
489 1210 681 1273 universitate
713 1209 911 1293 resplenduit,
946 1212 1022 1275 sicut
1051 1212 1158 1293 probat
1188 1210 1337 1292 Sapientia

243 1321 363 1386 dicens:
380 1318 413 1405 ²)
443 1321 510 1404 Ego
534 1341 635 1401 erem,
667 1325 718 1387 cai
741 1323 1054 1406 applaudebat
1078 1344 1146 1386 mem
1169 1325 1337 1388 laetaretur

244 1437 318 1500 orbe
342 1435 494 1516 perfecto.
540 1436 783 1522 Similiterergo
806 1446 837 1502 ct
859 1439 889 1502 in
911 1438 1022 1503 fabrica
1051 1439 1171 1503 bomani
1200 1438 1336 1519 corporis

242 1556 327 1634 grata
350 1556 396 1613 est
417 1549 651 1630 uniuscuiusque
673 1552 798 1613 membri
819 1553 937 1634 porti03
960 1552 1014 1615 sed
1038 1552 1105 1633 plus
1127 1553 1158 1614 iu
1181 1568 1337 1615 commune

242 1663 410 1746 conpositio
438 1662 638 1726 membrorum
666 1670 733 1746 apta
764 1663 908 1746 delectat,
941 1666 1021 1747 quod
1042 1667 1082 1731 ita
1103 1665 1160 1728 sibi
1190 1663 1337 1747 quadrare

243 1786 274 1842 et
296 1779 459 1844 convenire
481 1776 647 1842 videantur.

614 2031 788 2099 CAPUT
823 2034 962 2102 XLVII.

245 2193 277 2249 Ut
293 2198 320 2249 in
341 2199 392 2251 vita
411 2205 496 2251 nostra
521 2196 621 2251 eluceat
644 2199 765 2253 dacorum
788 2200 868 2268 illud,
897 2201 957 2268 quid
983 2207 1113 2270 praestare
1139 2213 1187 2252 nos
1210 2203 1337 2266 oporteat,

590 2300 686 2354 quosve
706 2289 832 2356 appetitus
852 2286 991 2340 refrenare.

328 2427 401 2494 225.
448 2428 479 2494 si
514 2427 582 2509 quis
612 2430 703 2514 igitur
736 2430 972 2511 aequabibtatem
1005 2431 1164 2494 universae
1198 2427 1277 2490 vitae
1308 2431 1338 2490 et

241 2538 424 2622 singularum
452 2541 600 2602 actionum
622 2539 728 2602 modos
755 2546 871 2620 servet,
905 2543 1039 2604 ordinem
1062 2559 1183 2623 quoque
1206 2547 1236 2604 et
1258 2558 1339 2636 con-¹

241 2652 377 2717 stantiam
408 2651 552 2716 dictorum
585 2659 672 2733 atque
703 2672 825 2735 operum
855 2656 1148 2739 moderationemque
1180 2654 1335 2736 custodiat,

241 2765 359 2830 ineius
389 2766 449 2830 vila
481 2764 622 2829 decorum
653 2765 724 2830 illud
749 2767 869 2832 excellit
891 2775 920 2833 et
943 2771 1027 2851 quasi
1049 2771 1078 2833 in
1102 2771 1230 2851 quodam
1260 2786 1335 2853 spe·

241 2880 309 2943 culo
332 2879 437 2943 elucet

329 2991 401 3059 226.
447 2993 579 3060 decedat
602 3003 700 3059 tamen
723 2997 824 3061 suavis
848 3015 962 3078 sermo,
992 3004 1025 3061 ut
1046 2993 1186 3062 conciliet
1207 2999 1264 3062 sibi
1286 2996 1334 3062 al-

186 3144 188 3149 .
241 3104 351 3169 lectum
381 3105 559 3171 audientium
590 3116 767 3190 gratumque
788 3099 828 3172 'se
853 3109 903 3172 vel
929 3109 1120 3174 familiaribus
1147 3111 1197 3174 vel
1219 3112 1334 3174 civibus

241 3219 307 3300 vel,
336 3221 362 3285 si
384 3221 449 3284 lieri
471 3227 586 3303 potest,
617 3223 752 3286 omnibus
778 3224 929 3306 praebeat.
972 3224 1078 3305 Neque
1102 3224 1266 3289 adulantem
1289 3243 1333 3306 se,

241 3351 341 3415 neque
364 3332 540 3398 adulandum
566 3336 706 3415 cuiquam
733 3335 872 3399 exhibeat
883 3355 893 3412 ;
923 3335 1047 3400 alterum
1069 3336 1147 3398 enim
1169 3337 1333 3402 calliditatis

241 3450 303 3526 est,
325 3446 462 3510 vanitatis
485 3446 616 3510 alterum.

329 3558 402 3624 227.
447 3559 514 3622 Non
538 3555 697 3641 despiciat,
720 3557 790 3641 quid
813 3556 851 3621 de
874 3575 908 3622 se
930 3547 1134 3643 unusquisque
1156 3567 1186 3624 et
1208 3561 1334 3624 maxime

241 3675 288 3739 vir
310 3675 437 3756 optbnus
462 3673 587 3754 sentiat,
620 3673 686 3758 hoc,
700 3675 778 3737 enim
800 3672 890 3738 modo
914 3674 999 3738 discit
1023 3675 1110 3738 bonis
1137 3673 1257 3738 deterre
1279 3690 1333 3735 re-

241 3788 412 3850 verentiam.
457 3787 531 3850 Naro
564 3786 729 3872 neglegere
759 3788 905 3851 bonorum
935 3787 1042 3851 iudicia
1070 3789 1119 3851 vel
1144 3789 1333 3870 arrogantiae

242 3901 291 3964 vel
321 3899 523 3964 dissolutionis
555 3907 616 3980 est,
652 3919 777 3983 quorum
807 3902 930 3965 alterum
961 3902 1119 3983 superbiae
1147 3901 1332 3978 adscribitur,

243 4013 367 4078 alterum
388 4014 606 4100 neglegentiae.

309 4183 342 4252 ,q
361 4182 423 4240 aaa.
442 4183 466 4254 r,
485 4185 502 4238 a
519 4199 575 4255 req.
600 4197 606 4234 ;
643 4184 770 4255 arton
783 4184 811 4252 8,
828 4183 863 4250 2⁰
880 4200 934 4256 rra·
957 4251 960 4257 .
1021 4228 1032 4236 .‚
