2932 4700
370 339 416 395 DE
436 337 570 395 oltricus
588 338 811 396 huttsuhonttlt
827 338 924 396 hissa
940 341 960 396 l.
1167 345 1206 410 61

116 519 192 587 agas
214 509 243 566 et
265 501 424 568 conueniat
446 509 476 566 et
497 505 622 584 quadret
644 505 700 568 sibi
722 505 798 570 ordo
821 506 899 570 vitae
918 511 995 570 tuae.
1034 501 1119 568 Unde
1134 503 1209 568 Tul-

115 615 175 678 lius
199 616 285 679 etiam
309 614 442 680 ordinem
464 621 546 697 putat
567 617 598 680 iu
619 617 670 682 illo
693 617 804 682 decoro
827 619 941 684 servari
970 625 1129 701 oportere,
1159 617 1209 682 id-

115 749 176 812 que
198 730 325 812 positum
349 729 418 795 dicit
440 731 469 794 in
493 731 692 814 formositate,
724 733 846 814 ordine,
878 739 982 798 ornatu
1004 732 1041 796 ad
1063 732 1209 796 actionem

5 845 6 850 ’
115 849 203 925 apto,
226 861 303 925 quae
326 841 445 908 difficile
467 846 507 908 ait
528 844 679 927 loquendo
702 847 844 930 explicari
865 865 971 930 posse,
994 854 1024 912 et
1045 848 1114 911 ideo
1136 846 1209 910 satis

116 974 188 1020 esse
211 957 352 1042 intellegi.

204 1066 256 1133 83.
300 1070 526 1134 Formositatem
556 1077 655 1134 autem
688 1091 742 1135 cur
771 1073 924 1155 posuerit,
960 1090 1022 1136 non
1054 1071 1208 1155 intellego,

116 1185 252 1268 quamvis
274 1185 361 1248 etiam
384 1185 434 1248 ille
455 1185 537 1249 vires
557 1184 693 1268 corporis
708 1185 814 1250 laudet.
851 1186 914 1250 Nos
931 1192 1013 1250 certe
1027 1185 1058 1248 in
1074 1185 1209 1267 pulchri-

115 1300 220 1363 tudine
250 1300 384 1382 corporis
412 1299 510 1362 locum
540 1301 654 1364 virtutis
684 1318 745 1364 non
773 1301 924 1383 ponimus,
958 1300 1082 1383 qratiam
1111 1307 1209 1362 umen

115 1431 178 1476 uon
201 1413 394 1494 excludimus,
421 1416 490 1496 quia
511 1415 692 1480 verecundia
715 1423 745 1479 et
768 1416 865 1480 vultus
888 1417 970 1497 ipsos
993 1415 1070 1478 solet
1092 1415 1210 1497 pudore

116 1526 273 1590 offundere
301 1527 509 1610 gratioresque
541 1526 677 1590 reddere.
723 1527 761 1590 Ut
788 1527 865 1590 euim
894 1527 1001 1592 artifex
1028 1529 1058 1590 in
1086 1527 1209 1592 materia

118 1641 321 1705 commodiore
343 1640 449 1705 melius
473 1643 591 1723 operari
614 1641 702 1723 solet,
726 1644 770 1706 sic
792 1641 975 1707 verecundia
998 1644 1028 1705 in
1046 1643 1112 1724 ipso
1129 1660 1208 1724 quo-

8 1768 11 1785 ·
116 1774 176 1837 que
199 1757 333 1836 corporis
357 1754 468 1820 decore
490 1756 556 1837 plus
579 1757 697 1836 eminet,
719 1757 759 1820 ita
782 1763 888 1837 tamen,
911 1762 944 1820 ut
963 1757 1051 1819 etiam
1067 1758 1132 1838 ipse
1147 1775 1209 1821 non

115 1870 155 1932 sit
177 1868 339 1932 adsectatus
363 1869 455 1933 decor
478 1869 622 1950 corporis,
646 1868 698 1932 sed
722 1869 871 1949 naturalis,
894 1869 1030 1950 simplex,
1052 1869 1207 1952 neglectus

5 2033 6 2068 ,
114 1983 228 2066 magis,
262 2001 348 2063 quem
378 1967 542 2063 expetitus,
576 2000 635 2044 non
666 1983 806 2063 pretiosis
836 1989 866 2045 et
895 1982 1059 2046 albentibus
1091 1983 1207 2048 adiutus

115 2097 308 2175 vestimentis,
330 2094 384 2159 sed
408 2096 628 2173 communibus,
650 2100 682 2157 ut
704 2095 853 2158 honestati
875 2093 923 2156 vel
945 2094 1115 2158 necessitati
1137 2094 1209 2157 nihil

118 2210 205 2290 desit,
227 2210 298 2273 nihil
321 2209 443 2273 accedat
465 2209 562 2272 nitori.

203 2320 254 2388 84.
299 2323 367 2386 Vox
389 2326 453 2406 ipsa
475 2343 535 2387 non
559 2324 698 2402 remissa,
729 2341 790 2386 non
813 2321 922 2401 fracta,
955 2320 1026 2383 nihil
1049 2319 1207 2384 femineum

115 2455 244 2516 sonans,
274 2436 391 2518 qualem
412 2437 494 2498 multi
516 2435 669 2519 gravitatis
693 2434 794 2516 specie
816 2434 955 2498 simulare
977 2441 1207 2515 consueverunt,

116 2551 172 2615 sed
194 2549 317 2614 formam
341 2549 486 2633 quandam
509 2556 538 2612 et
560 2550 693 2633 regulam
715 2567 751 2612 ac
772 2567 876 2612 sucum
899 2549 1014 2612 virilem
1039 2565 1207 2612 reservans.

115 2664 180 2728 Hoc
204 2670 250 2727 est
274 2665 351 2726 enim
371 2663 617 2745 pulchritudinem
640 2664 761 2727 vivendi
781 2671 895 2744 tenere,
918 2663 1124 2738 convenientia
1141 2663 1208 2726 cui-

116 2797 176 2861 que
199 2780 285 2841 sexui
308 2786 338 2842 et
359 2796 510 2860 personae
531 2778 669 2841 reddere.
714 2778 768 2841 Hic
791 2777 867 2841 ordo
889 2784 1044 2861 gestorum
1072 2777 1208 2859 optimus,

115 2891 165 2953 hic
187 2897 308 2955 umatus
331 2890 369 2952 ad
391 2908 508 2952 omnem
531 2890 677 2953 actionem
698 2887 919 2952 adcommodus.
964 2889 1022 2956 Sed
1053 2896 1084 2953 ut
1108 2889 1208 2955 molli-

5 3009 6 3018 ’
117 3006 215 3070 culum
238 3011 268 3069 et
290 3003 444 3068 infractam]
468 3011 518 3067 aut
540 3005 623 3067 vocis
646 3021 752 3070 sonum
774 3010 823 3067 aut
844 3010 961 3087 gestum
985 3005 1121 3086 corporis
1146 3021 1208 3068 non

116 3122 231 3204 probo,
261 3121 300 3184 ita
329 3136 428 3200 neque
458 3123 607 3202 agrestem
634 3119 840 3188 acrosticum.
885 3117 1025 3182 Naturam
1046 3119 1191 3182 imitemur
1198 3139 1207 3195 ;
1265 3205 1268 3213 .

117 3235 182 3298 eius
205 3233 320 3316 effigies
343 3232 468 3298 formula
491 3233 672 3317 discipinae,
696 3233 821 3298 formula
844 3234 1006 3298 honestatis
1031 3240 1084 3298 est
1262 3235 1264 3242 ’

524 3503 694 3571 CAPUT
728 3505 804 3571 XX.

117 3690 159 3742 nd
177 3688 375 3742 conservandam
396 3690 574 3742 verecundiam
591 3691 811 3758 intemperantium
829 3687 955 3739 hominum
974 3689 1116 3753 consortia,
1141 3703 1206 3739 con·

117 3779 187 3830 vivia
206 3787 383 3831 extraneorum
402 3794 432 3830 ac
453 3776 585 3828 mulierum
607 3778 758 3830 commercia
780 3776 896 3840 vitanda3
924 3776 970 3830 scd
994 3777 1072 3828 otium
1094 3783 1207 3829 cosmum

336 3866 403 3918 domi
422 3865 447 3916 in
465 3866 515 3933 piis
531 3863 692 3935 honestisque
711 3865 801 3918 studiis
818 3863 999 3917 insumendum.

207 4031 258 4098 85.
296 4035 391 4098 llahet
411 4051 484 4098 sane
506 4048 578 4096 suos
601 4032 741 4114 scopulos
763 4030 954 4110 uerecundia,
976 4046 1036 4093 non
1052 4046 1128 4111 quos
1143 4030 1207 4113 ipsa

119 4143 249 4225 invehit,
271 4145 326 4210 scd
348 4161 424 4225 quos
447 4163 538 4226 saepe
560 4145 700 4224 incurrit,
723 4143 749 4208 si
770 4143 1025 4227 intemperantium
1044 4141 1206 4210 incidamus
