2932 4700
406 371 452 428 ns
470 371 607 428 orncns
627 371 853 432 unumunurn
870 374 1005 432 unsar
1210 382 1253 450 85

254 529 326 602 152.
379 533 571 600 Advertimns
614 533 859 616 quemadmodum
897 544 927 600 ct
960 537 1189 604 benivolentium
1224 548 1255 605 et

153 645 359 710 ldreralitatem
391 652 420 708 et
450 644 570 710 modum
601 645 817 728 conprehendit
844 653 874 710 ct
903 647 1030 712 iruetrrm
1059 659 1149 734 atque
1177 672 1253 736 per-

153 776 255 825 sonas.
298 759 370 828 ldeo
401 758 540 838 modum,
572 759 640 841 quia
667 757 839 840 inperfectis
870 760 957 825 dabat
985 763 1158 844 consilium3
1191 785 1253 831 non

154 874 234 937 enim
261 873 412 955 patiuntur
444 874 597 956 angustias
625 873 683 936 nisi
713 873 877 956 inperfecti.
923 875 983 941 Sed
1005 882 1034 939 et
1056 877 1082 940 si
1106 878 1172 958 quis
1196 895 1252 942 ec-

153 987 273 1050 clesium
304 985 410 1052 nolens
440 1003 584 1070 gravare,
616 987 647 1050 in
669 985 841 1050 sacerdotio
871 987 971 1070 aliquo
1001 990 1178 1054 constitutus
1202 999 1253 1056 aut

152 1099 334 1178 ministerio,
365 1117 425 1161 non
457 1105 570 1179 toturn,
597 1098 677 1181 quod
705 1100 808 1179 habet,
839 1100 992 1181 conferat,
1023 1101 1078 1166 sed
1108 1111 1252 1184 operetur

154 1230 223 1275 cum
241 1211 409 1292 honestata,
433 1218 572 1293 mantum
595 1211 696 1277 oificio
719 1214 790 1276 satis
813 1220 869 1292 est,
893 1232 953 1278 non
976 1212 1046 1278 mini
1067 1214 1250 1298 inperfectus

152 1325 281 1390 videtur.
324 1324 362 1389 Et
385 1331 455 1407 puto
479 1325 559 1408 quod
582 1327 630 1388 hic
652 1327 817 1409 angustiam
840 1343 901 1390 non
925 1328 1030 1407 animi,
1054 1327 1109 1391 sed
1132 1330 1177 1392 rei
1201 1328 1250 1392 ia-

151 1439 274 1503 miliarls
298 1437 415 1501 dixerit.

244 1549 315 1618 153.
360 1551 405 1614 Dc
428 1553 567 1634 personis
590 1559 689 1616 autem
711 1559 783 1634 puto
807 1553 930 1618 dietum:
961 1553 999 1617 Ut
1020 1562 1128 1619 cestra
1148 1555 1249 1622 adum

151 1665 262 1728 doado
291 1667 333 1728 sit
362 1665 405 1728 cd
432 1664 559 1728 illoram
592 1666 730 1746 inopiam
760 1674 790 1728 et
822 1667 945 1730 illorum
979 1667 1174 1732 abundantio
1206 1671 1249 1732 ud

149 1782 285 1838 vestem
307 1775 464 1854 inopicm3
486 1775 515 1838 id
539 1784 602 1856 est,
624 1784 657 1839 ut
679 1778 780 1859 populi
803 1778 980 1842 abundantia
995 1781 1034 1846 sit
1048 1782 1147 1845 bonae
1168 1800 1247 1864 ope-

149 1888 274 1952 rationis
306 1888 343 1953 ad
373 1889 490 1953 illorum
503 1898 505 1902 ’
519 1889 731 1953 sublevandam
763 1891 861 1954 alandi
890 1893 1036 1976 inopiam,
1072 1901 1101 1957 et
1130 1895 1247 1958 illorum

149 2001 329 2068 abundantia
355 2003 495 2083 spiritalis
525 2002 644 2066 adiuvet
666 2005 695 2066 in
719 2006 806 2086 plebe
830 2006 958 2087 inopiam
987 2008 1083 2070 meriti
1106 2008 1245 2089 spiritalis

150 2121 180 2180 ct
202 2115 337 2180 conferat
360 2116 389 2178 ei
411 2117 544 2200 gratiam.

238 2223 309 2290 154.
354 2225 440 2288 Unde
463 2227 630 2308 exemplum
647 2226 787 2307 optimum
803 2230 917 2308 posuit:
943 2229 1004 2306 Oui
1019 2232 1157 2311 maltam,
1180 2253 1245 2299 noa

146 2339 337 2416 abundavit,
370 2347 400 2400 et
422 2339 475 2418 pai
497 2337 666 2414 modicum,
698 2356 762 2400 non
784 2339 901 2402 minuit.
947 2341 1029 2404 Bene
1051 2344 1184 2408 humatur
1207 2345 1245 2410 ud

147 2453 277 2517 cilicium
299 2451 524 2516 misericordiae
558 2467 660 2514 omncs
683 2451 819 2514 homines
843 2452 920 2516 istud
943 2456 1131 2537 exemplum,
1163 2477 1244 2540 quo-

146 2567 224 2629 niam
248 2567 350 2646 etqui
373 2565 529 2646 plurimum
552 2564 616 2626 anri
638 2564 788 2645 possidet,
823 2585 885 2630 non
909 2567 1054 2649 abundat,
1082 2571 1151 2651 quia
1173 2572 1246 2635 nihil

147 2687 208 2761 est,
232 2679 375 2762 quidquid
398 2681 427 2741 in
449 2677 508 2740 hoe
530 2677 651 2741 sacculo
675 2684 735 2754 est;
764 2687 794 2741 ct
816 2682 866 2761 qui
889 2683 1030 2765 exiguum
1053 2683 1159 2764 habet,
1182 2703 1244 2749 non

146 2795 266 2876 minuit,
293 2795 363 2875 quia
385 2791 458 2854 nihil
482 2797 544 2870 est,
577 2791 657 2871 quod
678 2794 790 2855 amittit.
835 2794 894 2857 Res
917 2796 983 2858 sine
1008 2797 1164 2879 dispendio
1188 2805 1243 2881 est,

146 2927 223 2991 quae
245 2913 307 2972 tota
331 2904 517 2988 dispendium
540 2910 594 2967 est.

237 3021 308 3088 155.
353 3020 407 3083 Est
423 3021 511 3082 etiam
528 3019 571 3082 sic
586 3018 753 3080 intellectus
769 3020 880 3082 bonus:
904 3020 961 3095 Qui
976 3021 1131 3102 plurimum
1147 3024 1245 3109 habel,

27 3217 31 3224 Ι
146 3145 177 3204 et
198 3139 225 3202 si
246 3154 309 3201 non
331 3134 431 3214 donat,
455 3152 517 3197 non
540 3133 678 3212 abundat,
706 3134 985 3214 quiaquantumvis
1007 3135 1152 3218 adquirat,
1176 3147 1246 3224 eget

146 3269 282 3334 semper,
316 3252 384 3331 quia
414 3248 483 3329 plus
513 3248 697 3328 concupiscit
704 3268 714 3324 ;
749 3253 779 3310 et
808 3249 859 3329 qui
892 3249 1034 3331 exiguum
1064 3250 1153 3315 habet
1182 3271 1244 3316 non

146 3367 265 3444 minuit,
296 3365 364 3445 quia
387 3380 448 3425 non
471 3362 593 3423 multum
616 3365 677 3438 cst,
709 3360 789 3442 quod
820 3379 983 3442 pauperem
1006 3365 1107 3445 pascit.
1154 3364 1245 3430 Simi-

146 3479 216 3543 liter
237 3483 359 3562 ergoet
380 3476 430 3539 illc
454 3494 576 3558 pauper,
601 3474 651 3555 qui
671 3474 789 3537 coniert
812 3475 954 3556 spiritalia
976 3495 1032 3558 pro
1056 3479 1245 3560 pecuniariis,

146 3593 204 3656 etsi
226 3592 383 3675 plurimum
405 3591 513 3654 habeat
535 3591 665 3673 gratiae,
689 3607 750 3652 non
774 3589 920 3668 abundat3
953 3591 1116 3654 nonenim
1140 3599 1245 3656 onerat

146 3706 259 3790 gratia,
282 3704 337 3768 sed
360 3704 468 3767 allevat
489 3708 625 3766 mentem.

235 3812 306 3879 156.
352 3813 411 3880 Sed
445 3815 531 3876 etiam
560 3815 604 3876 sic
633 3819 731 3896 potest
758 3813 907 3895 intellegi:
941 3813 1009 3878 Non
1040 3816 1190 3896 abundas,
1226 3837 1244 3882 ο

146 3927 252 3992 homoi
298 3929 445 4004 Quantum
476 3933 522 3990 est
552 3929 648 4007 enim,
684 3927 764 4009 quod
795 3927 953 4010 accepisti,
990 3930 1046 3993 etsi
1079 3931 1132 3993 tibi
1164 3931 1244 3995 mul-

146 4048 208 4106 tum
230 4043 301 4108 est?
345 4042 488 4121 loannes,
520 4060 580 4123 quo
611 4059 699 4104 nemo
731 4043 825 4104 maior
849 4047 895 4105 est
917 4043 995 4106 inter
1024 4049 1109 4109 natos
1132 4045 1243 4108 mulie-
