2966 4708
254 375 319 440 208
703 375 729 429 S.
749 373 904 430 nntuuostt

253 535 360 598 altatus
383 534 412 597 in
437 553 527 597 cruce
551 535 725 600 medicinam
750 537 922 604 vulneribus
945 537 1051 602 inludit
1078 537 1222 603 humanis.
1267 539 1353 604 Unde

254 649 371 730 etipse
395 647 530 710 dominus
554 651 610 711 ait:
632 647 660 732 ¹)
689 649 778 712 Sicut
800 651 923 732 Moyses
946 653 1100 716 exaltavit
1120 663 1292 733 serpentem
1317 657 1352 716 in

254 763 388 836 deserto,
412 762 459 822 ito
481 761 617 824 suelteri
641 771 765 841 oportet
784 765 882 843 filiam
902 765 1045 829 borniais.

341 871 392 937 95.
431 874 568 955 Denique
591 883 621 939 et
644 877 766 940 alterurn
788 877 906 962 signum
929 879 966 942 ad
990 879 1138 944 dominam
1157 877 1255 943 lesum
1276 899 1352 962 per-

253 990 336 1066 tinet,
360 987 440 1068 quod
464 987 534 1050 lecit
556 984 743 1072 Moyseszt)
767 989 855 1052 Misit
875 1009 998 1054 manem
1020 1011 1110 1054 seam
1132 992 1166 1054 in
1187 995 1298 1068 sinam,
1323 999 1354 1054 et

250 1104 385 1181 protulit
408 1122 493 1178 enm,
526 1110 556 1164 et
582 1101 673 1180 facte
702 1111 750 1165 est
770 1123 882 1166 manas
904 1105 990 1182 eius,
1024 1107 1107 1168 sicut
1127 1107 1194 1168 nic.
1237 1105 1352 1167 lterum

253 1217 348 1292 misit,
373 1221 403 1276 et
422 1214 555 1304 protulit
577 1233 653 1289 enm,
678 1222 708 1276 et
730 1224 800 1277 erat
820 1216 903 1277 sicat
918 1218 1027 1278 carnis
1042 1217 1196 1279 bamoaoe
1211 1217 1353 1296 species;

253 1329 426 1412 significans
459 1327 569 1392 domini
602 1328 670 1391 lesu
701 1331 825 1411 primum
857 1329 1005 1412 fulgorem
1037 1328 1213 1408 divinitatis,
1246 1336 1352 1412 postea

253 1443 474 1522 susceptionem
498 1442 606 1519 carnis,
629 1441 658 1502 in
682 1460 740 1521 qna
762 1443 821 1504 lide
844 1441 971 1506 eredere
995 1460 1098 1506 omnes
1121 1449 1228 1525 gentes
1250 1461 1352 1524 popu-

253 1555 362 1636 losque
395 1561 558 1636 oporteret.
613 1555 719 1618 Merito
753 1574 871 1617 manum
907 1557 1004 1635 misit,
1043 1557 1111 1636 quia
1145 1556 1269 1618 dextera
1302 1555 1352 1618 dei

159 1751 162 1756 Ι
255 1666 388 1729 Christus
412 1672 468 1746 est,
490 1667 520 1729 in
543 1666 626 1728 cuius
651 1665 831 1728 divinitatem
855 1672 883 1729 et
906 1667 1139 1730 incarnationem
1162 1669 1188 1730 si
1208 1667 1274 1748 quis
1289 1685 1351 1731 non

254 1777 424 1859 crediderit,
448 1780 533 1860 quasi
555 1780 702 1861 reprobus
726 1779 901 1863 flagellatur,
925 1783 1001 1845 sient
1023 1783 1079 1844 iste
1098 1799 1163 1860 rex,
1186 1783 1246 1861 qui,
1270 1799 1352 1861 quo-

253 1894 331 1956 niam
354 1893 448 1976 signis
470 1911 531 1956 non
554 1891 679 1955 eredidit
702 1892 896 1972 evidentibus,
920 1900 1025 1975 postea
1048 1892 1213 1974 flagellatus
1237 1893 1351 1970 orabat,

254 2010 287 2066 ut
308 2005 426 2066 veniam
448 2010 623 2066 mereretur.
670 2004 803 2078 Quantus
825 2004 914 2088 igitur
936 2003 1099 2067 honestatis
1129 2003 1252 2067 allectus
1281 2023 1352 2068 esse
1465 2063 1466 2110 t

254 2117 377 2197 debeat,
401 2116 499 2179 ethis
522 2115 665 2198 probatur
688 2120 717 2177 et
740 2133 777 2178 oo
800 2117 941 2194 maxime,
965 2114 1046 2197 quod
1068 2133 1103 2177 se
1126 2115 1273 2178 obiciebat
1293 2135 1352 2198 pro
1465 2111 1466 2180 T

253 2231 384 2312 populo,
407 2227 510 2292 dicens
533 2233 566 2290 ut
587 2229 753 2290 remitteret
775 2228 887 2309 populo
912 2227 1003 2306 deus,
1034 2235 1085 2290 aut
1107 2234 1188 2290 certe
1213 2227 1251 2291 de
1273 2229 1352 2292 libro

252 2343 415 2408 viventium
438 2360 473 2406 se
497 2340 620 2404 deleret.
637 2336 669 2423 3)

652 2537 822 2604 CAPUT
857 2538 950 2604 XVI.

253 2686 343 2740 Paucis
369 2685 402 2737 de
426 2683 506 2737 Tabia
535 2685 635 2736 iniectis
658 2683 798 2752 Ragoelem
827 2683 960 2736 honestate
985 2683 1140 2753 philosophis
1166 2684 1348 2737 antecelluisse

734 2773 866 2824 evincitur.

339 2903 391 2970 96.
437 2905 545 2967 Tobias
562 2900 595 2993 ⁴)
619 2920 739 2984 quoque
761 2902 883 2966 sormam
910 2903 1060 2983 expressit
1088 2903 1251 2966 honestatis
1278 2904 1348 2965 evi·-

253 3019 388 3099 dentius,
420 3037 486 3081 eum
514 3019 618 3081 relicto
648 3020 788 3081 convivio
818 3025 952 3082 mortuos
982 3019 1124 3100 sepeliret
1150 3017 1240 3080 etad
1263 3019 1347 3081 cibos

252 3104 392 3214 pauperis
422 3147 542 3194 mensae
573 3129 710 3192 invitaret
739 3131 853 3212 inopes.
897 3127 1062 3215 nague1⁵]
1085 3133 1262 3213 praecipue,
1296 3131 1346 3212 qui

253 3244 503 3326 contemplatione
524 3244 704 3323 honestatis,
736 3263 801 3306 eam
823 3252 1000 3328 rogaretur,
1030 3253 1061 3309 nt
1089 3246 1177 3308 liliam
1205 3262 1287 3308 snam
1315 3247 1346 3307 in

253 3361 425 3444 coniugium
447 3358 547 3439 daret,
578 3359 647 3421 vitia
671 3376 791 3439 quoque
813 3359 891 3422 filiae
914 3377 974 3422 non
996 3360 1127 3438 tacebat,
1153 3377 1192 3421 ne
1214 3359 1346 3422 circurn-

253 3474 358 3536 venire
379 3473 537 3556 petitorem
559 3470 712 3535 videretur
733 3470 868 3534 tacendo.
913 3471 1014 3552 ltaque
1036 3489 1102 3534 cum
1125 3471 1243 3550 Tobias,
1269 3469 1347 3534 lilius

253 3586 355 3664 Tobis,
377 3591 519 3667 posceret
540 3590 571 3646 nt
593 3585 649 3646 sibi
672 3582 791 3646 daretur
812 3583 918 3664 puella,
940 3583 1110 3665 respondit,
1134 3583 1204 3666 lege
1225 3585 1346 3665 quidem

251 3699 310 3782 ipsi
338 3717 404 3761 eam
433 3696 536 3762 deberi
564 3703 711 3779 nmquam
740 3697 926 3780 propinquo,
959 3696 1015 3760 sed
1043 3695 1163 3760 dedisse
1193 3717 1258 3761 eam
1287 3699 1346 3762 iam
1463 3765 1464 3774 χ

253 3829 309 3876 sex
332 3813 404 3875 viris
426 3818 457 3875 et
479 3829 582 3876 omnes
605 3829 659 3876 eos
682 3828 751 3874 esse
773 3817 915 3876 mortuos.
960 3812 1055 3874 iustus
1077 3812 1177 3892 itaque
1205 3812 1251 3874 vir
1278 3809 1346 3893 plus
1463 3799 1464 3824 ¹

252 3983 454 3996 W

323 4081 351 4145 1)
369 4079 456 4132 lesan.
475 4079 501 4146 3,
521 4078 562 4131 tl.
599 4079 726 4144 ttExod.
744 4081 770 4146 l,
789 4081 865 4134 6-7.
903 4080 930 4145 3)
950 4079 1120 4146 lbid.82,32.
1157 4082 1184 4143 t)
1202 4077 1265 4132 'lob
1279 4079 1305 4144 2,
1320 4079 1344 4131 2.

253 4167 283 4236 5)
301 4166 365 4220 lbid.
383 4181 439 4234 cap.
458 4166 482 4218 7.
