2932 4700
229 348 273 450 pp
739 379 814 434 vrrs

175 523 178 528 ’
229 559 439 625 rans'eorpos.
497 543 549 608 cui
579 540 742 628 prandendi
772 559 930 624 numquam
953 541 1139 608 consuetudo
1162 541 1234 623 iuit,
1266 543 1322 607 nisi

230 653 278 718 die
295 657 406 720 sabbati
422 663 451 719 et
467 656 626 736 dominico,
651 657 705 742 vel*
723 675 788 718 cum
811 655 945 718 natalicia
962 656 1222 722 celeberrimorum
1240 675 1323 721 mar·

229 775 326 852 tyrum
350 777 460 834 essent.
505 769 616 834 Orandi
649 771 736 834 etiam
759 768 919 834 adsiduitas
949 788 1055 854 magna
1089 769 1138 834 die
1166 789 1202 833 ac
1224 776 1323 857 nocte,

230 900 287 946 neo
317 899 438 965 operam
475 883 640 946 declinabat
670 883 820 946 scribendi
851 883 970 965 propria
1000 901 1090 948 manu
1120 883 1229 962 libros,
1266 883 1323 947 nisi

230 1014 296 1060 cum
318 996 414 1078 aliqua
438 997 603 1060 infirmitate
628 1014 738 1078 corpus
763 999 827 1062 eiua
850 998 1040 1062 attineretur.
1086 995 1157 1062 Erat
1186 997 1271 1060 etiam
1294 997 1324 1061 in

230 1111 281 1174 illo
305 1110 471 1174 sollicitudo
495 1113 623 1175 omnium
648 1112 856 1196 ecelesiarum,
887 1111 1104 1176 interveniendi
1136 1130 1243 1195 magna
1266 1111 1324 1174 ad·

230 1224 353 1288 siduitas
385 1231 415 1288 et
446 1213 618 1289 constantia.
673 1226 706 1290 in
728 1228 819 1291 rebus
842 1227 928 1289 edam
952 1226 1060 1290 divinis
1085 1225 1233 1308 implendis
1256 1225 1324 1290 ior·

152 1370 155 1378 f
231 1340 377 1417 tissimus,
412 1338 593 1420 inbutum,
628 1346 660 1404 ut
682 1341 762 1422 quod
785 1339 869 1405 solus
892 1341 1007 1423 inplere
1028 1341 1136 1406 solitus
1160 1347 1225 1404 erat
1247 1340 1324 1404 eirea

231 1451 423 1536 baptizandos
456 1453 586 1535 quinque
618 1461 722 1536 postea
756 1455 889 1537 episcopi
911 1461 1060 1537 tempore,
1094 1471 1155 1536 quo
1184 1453 1325 1534 decessit,

231 1568 282 1630 vix
313 1568 476 1649 inplerent3
518 1567 663 1630 sollicitus
704 1567 791 1631 etiam
831 1585 886 1650 pru
923 1567 1103 1650 pauperibus
1137 1573 1167 1630 et
1200 1566 1324 1648 captivis

229 1682 373 1758 mimium;
396 1699 461 1745 nam
486 1682 680 1764 intempore,
703 1699 763 1762 quo
785 1681 945 1763 episcopas
970 1680 1124 1745 ordinatus
1140 1687 1196 1760 est,
1218 1698 1325 1744 aurum

232 1812 319 1858 omne
350 1801 439 1876 atque
469 1803 642 1880 arpentum,
673 1794 754 1877 quod
784 1796 895 1859 babere
926 1800 1061 1876 poterat,
1099 1794 1246 1858 ecclesiae
1276 1794 1325 1856 aet

231 1909 411 1992 pauperibus
434 1909 564 1972 contulit.
608 1909 734 1972 Praedia
769 1909 873 1989 etiam,
903 1927 979 1990 quae
1003 1908 1138 1989 babebat,
1169 1915 1325 1971 reservato

230 2023 384 2095 usufructu
407 2039 569 2106 germanae
598 2041 671 2086 suae
694 2022 815 2086 donavit
837 2022 1003 2102 ecclesiae,
1039 2021 1110 2085 nibil
1142 2021 1224 2101 sibi,·
1245 2021 1325 2103 quod

230 2138 279 2202 bio
313 2156 398 2202 suum
415 2137 563 2218 diceret,
583 2138 826 2231 derelinquens,
861 2143 894 2200 ut
927 2141 1016 2200 nutus
1046 2141 1136 2216 atque
1168 2125 1325 2218 expeditus

231 2253 316 2316 miles
338 2251 493 2316 ‘Christum
523 2251 671 2315 dominum
702 2257 895 2332 sequeretur,
928 2250 999 2332 poi,
1031 2267 1100 2312 oum
1122 2248 1211 2312 dices
1234 2257 1325 2327 essct,

225 2370 356 2444 'propter
385 2384 444 2428 noa
474 2383 597 2444 pauper
625 2365 732 2446 foetus
760 2371 825 2441 ost,
853 2370 889 2424 ut
919 2381 977 2426 noa
1005 2363 1071 2426 eius
1100 2362 1211 2443 inopia
1240 2361 1325 2424 dito·-

230 2495 343 2542 remur.
363 2473 391 2562 ¹)

320 2588 371 2655 39.
416 2589 487 2664 Erat
511 2589 599 2651 etiam
630 2587 766 2672 gaudens
790 2605 856 2652 cum
879 2587 1076 2670 gaudentibus
1106 2595 1137 2652 et
1159 2587 1236 2652 deus
1260 2607 1325 2654 cum

232 2701 388 2784 flentibus,
413 2699 445 2788 ²)
477 2703 642 2786 siquidem,
678 2704 945 2785 quotienscumque
972 2702 1014 2766 illi
1045 2702 1150 2785 aliquis
1183 2705 1222 2768 ob
1252 2721 1325 2785 per·

233 2817 398 2901 cipiendam
422 2819 631 2901 paenitentiam
653 2819 754 2901 lapsus
777 2833 849 2881 suos
871 2815 1029 2880 confessus
1052 2825 1142 2898 esset,
1165 2819 1204 2880 ita
1227 2817 1326 2896 flebat,

233 2939 264 2997 ut
280 2934 366 2996 etiam
382 2932 462 2996 iilum
477 2932 551 2996 ilere
566 2932 774 3016 cumpelleret3
797 2931 953 2995 videbatur
964 2931 1043 2994 enim
1057 2931 1113 2996 sibi
1129 2943 1195 2995 cum
1211 2932 1326 2995 iacente
1450 2917 1451 2958 ³

232 3047 341 3110 iacere.
387 3045 503 3110 Causas
521 3053 618 3109 autem
643 3046 805 3124 criminum,
840 3064 917 3128 quae
939 3045 989 3110 ilie
1012 3046 1222 3126 confitebatur,
1256 3045 1327 3110 nuiii
1428 3048 1431 3054 '

233 3160 291 3226 nisi
313 3159 433 3224 domino
456 3160 522 3241 soli,
545 3161 622 3243 apud
645 3180 732 3243 quern
755 3160 968 3241 intercedebat,
1001 3161 1189 3244 loquebatur,
1218 3162 1326 3226 bonurn

232 3277 409 3358 relinquens
431 3276 599 3358 exemplum
630 3277 760 3359 posteris
789 3275 1012 3354 sacerdotibus,
1045 3281 1076 3338 ut
1108 3276 1326 3340 intercessores

233 3390 327 3474 magis
351 3389 428 3473 apud
452 3389 538 3455 deum
560 3390 629 3471 siut,
655 3409 744 3473 quam
765 3397 958 3455 accusatores
981 3389 1058 3474 apud
1075 3391 1219 3455 homines.
1253 3391 1327 3454 Nam

234 3509 263 3568 et
284 3503 449 3569 secundam
471 3505 635 3588 apostolum
652 3501 685 3589 ³)
708 3506 787 3568 cirea
811 3505 1015 3570 huiuscemodi
1037 3506 1185 3571 bominem
1211 3505 1326 3594 confir·

234 3617 469 3682 manducaritas
490 3626 548 3698 est,
578 3619 647 3700 quia
669 3619 734 3702 ipse
758 3619 804 3683 sui
827 3626 984 3686 accusator
1007 3627 1061 3700 est,
1092 3637 1148 3683 nec
1171 3625 1327 3703 exspectat

234 3739 446 3813 caussatorem,
468 3731 523 3796 sed
545 3733 719 3814 praevenit,
747 3739 779 3796 ut
804 3733 975 3798 confitendo
997 3753 1081 3798 suurn
1104 3735 1240 3800 absolvat
1261 3735 1327 3815 ipse

236 3845 392 3927 delictum,
424 3864 463 3910 ne
480 3903 486 3919 ,
501 3846 607 3910 babeat
640 3847 720 3929 quod
751 3848 940 3912 adversarius
974 3849 1146 3912 criminetur
1152 3867 1162 3924 ;
1196 3845 1326 3928 ideoque

237 3963 383 4044 scriptura
414 3961 500 4026 dicit:
533 3963 638 4028 Iustus
668 3964 702 4034 iu
729 3964 890 4044 principio
919 3965 1072 4028 aemonis
1093 3969 1327 4027 accusatorem

252 4111 443 4127 ’fi———u

307 4202 334 4273 1)
351 4205 375 4260 2.
395 4202 453 4258 Cor.
471 4205 497 4273 8,
515 4205 540 4260 9.
610 4205 640 4276 2)
658 4205 731 4260 Rom.
751 4204 793 4274 12,
815 4205 855 4259 15.
926 4204 957 4274 3)
975 4203 999 4261 2.
1018 4201 1081 4258 (ἔπ’
1096 4204 1123 4273 2,
1141 4201 1167 4258 8.
