2976 4706
400 370 446 426 ott
465 369 602 426 osricus
621 369 843 426 ututstuolttttt
861 371 956 428 tinuit
974 373 1004 426 II.
1187 375 1249 445 137

162 531 255 595 stolus
279 529 371 596 dicet:
389 525 420 615 ΙΙ)
450 530 560 594 Omnia
582 529 708 614 suffert,
732 533 836 594 omnia
859 535 977 612 credit,
1007 535 1112 598 omar'a
1133 546 1249 617 sperat,

165 645 270 707 omniu
291 644 432 722 sustinet,
455 645 571 707 caritas
594 663 757 725 numquam
781 645 874 708 cadit.

245 754 295 820 38.
335 757 405 821 ideo
432 757 527 820 David
551 775 611 821 non
634 757 751 837 cecidit,
774 759 842 840 quia
865 777 952 824 carus
975 759 1027 824 fuit
1052 763 1198 845 omnibus,
1221 773 1251 830 et

159 869 279 953 diligis
302 871 457 950 subiectis,
481 889 567 952 quam
591 872 686 934 timeri
710 871 816 936 metuit.
862 873 962 936 I’imor
985 874 1062 936 enim
1080 879 1250 960 temporetis

159 983 430 1047 tutaminis‘servat
453 983 611 1062 excubias,
635 985 729 1046 nescit
753 982 948 1047 diuturnitatis
973 985 1144 1051 custodiam.
1189 988 1250 1052 tta-

160 1115 219 1178 que
241 1098 291 1160 ubi
316 1097 403 1160 timor
425 1097 598 1178 decesserit,
624 1097 744 1160 audacia
768 1099 894 1179 obrepit,
922 1100 1059 1180 quoniam
1082 1100 1251 1167 fidemnon

159 1213 248 1274 timor
272 1212 362 1294 cogit,
386 1209 440 1273 sed
463 1209 584 1273 affectus
608 1210 736 1274 exhibet.

245 1321 295 1388 39.
339 1324 432 1386 Prima
456 1342 530 1406 ergo
553 1325 590 1387 ed
613 1324 897 1388 commendationem
926 1329 1021 1390 nostri
1052 1335 1099 1392 est
1129 1331 1247 1394 ceritas.

158 1437 273 1501 Bonum
295 1445 341 1501 est
363 1456 439 1521 ergo
463 1440 659 1502 testimonium
682 1439 792 1502 tubere
814 1439 851 1502 de
872 1440 1062 1521 plurimorum
1082 1444 1249 1509 dilectione.

158 1553 233 1616 Hinc
256 1554 386 1616 nascitur
408 1553 491 1632 tides,
516 1559 547 1616 ut
569 1555 752 1618 committere
775 1573 809 1617 se
833 1562 883 1618 tuo
907 1555 1026 1620 affectui
1042 1573 1103 1620 non
1119 1577 1249 1622 verean-

158 1674 206 1729 tur
227 1647 314 1730 etium
338 1667 442 1745 alieni,
477 1685 564 1748 quem
594 1668 725 1748 pluribus
756 1687 855 1732 carum
879 1667 1067 1734 adverterint.
1113 1670 1250 1736 Similiter

160 1781 246 1843 etiam
269 1798 324 1862 per
345 1779 432 1843 iidem
456 1797 491 1842 ac
514 1780 663 1842 caritatem
687 1784 869 1864 pervenitur,
893 1789 924 1844 ut
939 1783 989 1863 qui
1005 1785 1055 1846 uni
1071 1790 1120 1847 aut
1135 1785 1250 1850 duobus

158 1893 337 1974 praestiterit
357 1892 461 1971 iidem,
494 1899 640 1975 tamquam
670 1894 771 1956 induat
800 1895 828 1956 in
853 1895 966 1958 animos
990 1897 1197 1961 universorum
1220 1906 1250 1963 et

161 2007 289 2069 omnIum
312 2007 446 2088 adquirat
468 2008 600 2091 gratiam.

557 2231 726 2298 CAPUT
764 2232 853 2297 VIII.

159 2397 228 2448 Nihil
246 2397 279 2448 ad
298 2395 481 2449 conciliandam
500 2399 605 2464 gratiam
624 2399 704 2466 magis
722 2395 816 2461 valere,
836 2412 910 2465 quam
929 2396 1050 2461 consilia3
1068 2398 1114 2450 scd
1133 2400 1170 2450 eis
1183 2413 1248 2452 con-

159 2485 237 2537 fidere
256 2501 333 2553 posse
352 2487 487 2551 neminem,
506 2485 553 2535 nisi
569 2487 663 2536 iustitio
681 2487 792 2538 nitantur
810 2499 839 2536 ac
856 2483 1007 2552 prudentia3
1030 2494 1146 2554 quantum
1165 2494 1249 2537 autem

159 2572 207 2624 hae
228 2572 292 2624 duae
310 2574 416 2624 virtutes
434 2570 558 2623 eluxerInt
584 2573 609 2622 iu
629 2570 779 2636 Salomone,
806 2588 837 2622 ex
860 2573 939 2639 ipsius
964 2571 1130 2624 celeberrimo
1155 2572 1249 2626 iudIcitt

624 2660 708 2728 palam
727 2660 789 2711 fieri.

245 2800 295 2866 to.
335 2802 402 2864 Duo
425 2803 515 2884 igitur
537 2803 611 2866 haec
633 2803 670 2866 ad
687 2803 970 2868 commendationem
987 2804 1081 2867 nostri
1097 2802 1248 2885 plurimum

160 2923 330 2998 operantur,
354 2918 460 2979 caritas
484 2925 513 2979 et
535 2917 623 2996 tides,
648 2925 677 2980 et
700 2919 816 2980 tertium
839 2918 897 2980 hoc
919 2920 945 2980 si
968 2918 1094 2995 hebeaS,
1117 2915 1196 2997 quod
1218 2916 1249 2980 in

159 3036 188 3091 te
211 3029 403 3093 admiratione
427 3030 546 3114 dIgnum
569 3032 704 3114 plerique
728 3035 896 3096 existiment
918 3039 947 3094 et
965 3034 1029 3095 Iure
1045 3029 1249 3095 honorandum

159 3148 270 3223 putent.

246 3254 296 3319 tt.
337 3257 374 3319 Et
395 3259 463 3339 quie
486 3258 678 3321 consiliorum
701 3277 773 3321 usus
796 3260 923 3322 maxime
945 3257 1083 3322 conciliat
1105 3257 1248 3336 homines,

159 3369 228 3432 ideo
251 3369 406 3450 prudentia
430 3377 459 3432 et
481 3372 588 3434 iustitie
613 3373 642 3433 in
665 3389 846 3453 unoquoque
870 3372 1056 3434 desideratur
1078 3377 1108 3434 et
1130 3391 1165 3434 ea
1189 3387 1247 3432 ex-

158 3489 329 3564 spectantur
351 3503 367 3545 a
390 3485 539 3565 pluribus,
571 3489 655 3550 utin
678 3507 737 3568 quo
762 3507 796 3551 ca
819 3488 894 3566 sint,
926 3487 967 3550 itti
990 3487 1141 3550 deferatur
1163 3486 1247 3566 fides,

159 3597 239 3678 quod
270 3600 364 3679 possit
392 3601 462 3662 utiic
490 3601 645 3663 consilium
676 3621 711 3664 ac
734 3602 821 3665 fidele
845 3601 1024 3666 desideranti
1048 3600 1128 3662 dare.
1175 3599 1247 3674 Quis

160 3711 238 3774 enim
261 3712 288 3774 ei
310 3730 345 3775 se
368 3714 537 3792 committat,
560 3732 647 3794 quem
670 3732 730 3777 non
753 3721 835 3796 putet
857 3713 923 3796 plus
939 3731 1056 3796 sapere,
1080 3730 1166 3792 quam
1182 3712 1247 3792 ipse

159 3826 254 3908 sapiat
283 3828 333 3908 qui
363 3829 478 3908 quaerit
508 3828 689 3891 consitium?
732 3829 866 3893 Necesse
897 3834 942 3890 est
972 3828 1059 3911 igitur
1089 3833 1121 3888 ut
1154 3844 1246 3908 prae-

159 3941 283 4004 stantior
306 3942 343 4005 sit
367 3960 383 4003 a
406 3961 465 4024 quo
489 3944 643 4007 consitium
665 3945 789 4026 petitur,
820 3962 906 4023 quam
928 3944 977 4007 itte
1001 3949 1063 4022 est,
1092 3942 1142 4023 qui
1164 3942 1245 4024 petit.

161 4095 359 4106 ...m-—

231 4184 257 4253 t)
278 4184 300 4242 1.
313 4184 370 4239 cor.
390 4184 433 4254 13,
451 4184 527 4240 r-e.
631 4137 634 4148 ’
