2976 4706
442 357 487 410 tte
507 355 644 410 orrtctts
664 354 888 410 nidistttouttn
908 357 1004 411 uttan
1022 357 1051 412 11.
1230 361 1292 426 167

568 523 740 590 CAPUT
774 523 919 590 XXVII.

192 672 221 725 in
239 672 364 740 pecuniae
383 667 633 735 contemptu'inesse
657 667 762 720 formum
782 669 901 733 iustitiae,
921 685 994 737 quam
1013 670 1148 735 virtutem,
1167 686 1224 723 -nec
1242 688 1292 724 non

193 758 256 812 alies
275 755 409 810 nonnullas
427 755 520 807 sectari
538 755 634 806 debent
652 762 702 806 tam
719 755 817 819 clerici,
837 770 913 824 quam
925 757 1062 820 antistitem
1081 757 1124 808 nbi
1136 759 1294 824 potierImum

380 842 413 894 de
430 857 481 896 non
499 840 606 894 ferenda
624 843 822 910 praecipitanter
841 844 1111 897 excommunicatione.

221 1035 222 1038 ,
283 963 354 1030 133.
399 964 447 1028 Ad
478 981 620 1026 summam
651 963 788 1026 novimus
819 963 901 1044 quod
930 965 1078 1044 pecuniae
1106 973 1293 1049 contemptus

194 1079 321 1149 iustitiae
352 1079 447 1144 forma
477 1078 534 1153 sit;
564 1083 595 1138 et
624 1076 692 1140 ideo
723 1078 875 1140 avaritiam
906 1075 1058 1140 declinare
1089 1076 1234 1142 debemus
1265 1086 1295 1142 et

194 1194 275 1258 omni
303 1192 402 1256 studia
431 1191 606 1270 intendere,
639 1209 678 1254 ne
708 1190 778 1271 quid
807 1190 950 1254 faciamus
979 1208 1117 1272 umquam
1148 1192 1294 1258 adversus

194 1305 343 1384 iustitiam,
369 1303 476 1368 sedin
500 1303 636 1366 omnibus
660 1303 754 1384 gestis
777 1308 807 1364 ct
830 1301 971 1383 operibus
994 1302 1196 1378 custodientes
1218 1325 1294 1370 earn.

284 1414 354 1481 134.
393 1417 425 1482 Si
446 1416 585 1479 volumus
608 1414 819 1478 commendare
841 1432 899 1479 nos
918 1415 987 1496 deo,
1010 1417 1162 1482 caritatem
1179 1418 1295 1482 haben-

194 1549 276 1609 mus,
310 1531 465 1593 unanimes
496 1519 615 1607 simus,
640 1528 832 1591 humilitatem
861 1547 1041 1610 sequamur,
1075 1529 1151 1594 aiter
1172 1531 1296 1596 alterum

194 1643 395 1708 existimantes
420 1642 607 1724 superiorem
630 1643 695 1706 sibi.
732 1643 814 1706 ilaec
836 1651 884 1706 est
906 1645 985 1707 enim
1003 1645 1159 1724 hurniiitas,
1183 1646 1209 1708 si
1223 1645 1296 1709 nibil

192 1754 250 1818 sibi
273 1755 340 1836 quis
364 1759 499 1834 arroget,
526 1759 556 1816 et
578 1752 753 1817 inferiorem
774 1773 809 1817 se
833 1773 902 1818 esse
925 1755 1083 1819 existimet.
1127 1757 1296 1841 Episcopus

192 1873 225 1930 ut
246 1866 387 1929 membris
410 1867 472 1929 suis
495 1871 594 1929 utetur
616 1867 735 1930 clericIs
758 1875 788 1931 et
811 1868 937 1930 maximo
959 1869 1118 1950 ministris,
1150 1872 1201 1952 qui
1227 1879 1296 1936 sunt

189 1999 267 2044 nere
290 1981 357 2058 iiiii3
379 1997 470 2060 quem
493 1979 603 2059 cuique
626 1979 735 2043 viderit
756 1987 855 2062 apium
877 1983 1002 2061 muneri,
1025 1983 1053 2046 ei
1077 1982 1206 2066 deputet.

285 2089 356 2155 135.
402 2091 481 2157 Cum
508 2089 621 2178 dqiorc.
648 2097 816 2171 amputatur
849 2092 936 2154 etiam
971 2111 1048 2174 quae
1082 2095 1193 2174 putruit
1224 2112 1296 2176 pars

194 2204 330 2285 corporis
353 2210 384 2265 et
407 2202 457 2266 diu
479 2208 630 2282 tractatur,
654 2204 681 2265 si
699 2210 800 2285 potest
814 2205 915 2267 sanari
930 2204 1170 2282 medicamentis;
1193 2208 1219 2269 si
1234 2225 1296 2271 non

193 2322 312 2397 potest,
342 2321 414 2377 tunc
436 2333 454 2376 a
476 2313 592 2377 medico
615 2315 697 2378 bono
721 2315 890 2378 absciditur.
935 2316 985 2381 Sic
1007 2317 1142 2400 episcopi
1171 2318 1295 2382 affectus

193 2428 266 2492 boni
288 2433 350 2507 est,
382 2432 414 2490 ut
438 2434 521 2510 optet
543 2444 650 2491 sanare
673 2427 823 2507 Infirmos,
854 2431 1006 2509 serpentia
1033 2429 1154 2494 auferre
1181 2432 1295 2512 ulcera,

193 2540 323 2604 adurere
354 2541 468 2621 aliqua,
501 2557 562 2602 non
595 2538 769 2619 abscidere,
803 2545 957 2620 postremo
990 2542 1071 2621 quod
1103 2546 1202 2607 sanari
1233 2561 1294 2609 non

193 2661 304 2736 potest,
328 2671 394 2716 cum
417 2652 523 2717 dolore
546 2653 711 2716 abscidere.
750 2653 837 2744 Unde
856 2653 1086 2734 pulcherrimum
1108 2657 1179 2719 iilud
1201 2676 1294 2739 prae-

181 2769 312 2849 'oeptum
339 2767 435 2850 magis
465 2766 591 2843 eminet,
625 2771 658 2827 ut
687 2765 853 2847 cogitamus
883 2784 945 2829 non
975 2784 1053 2846 quae
1083 2775 1187 2830 nostra
1216 2777 1294 2848 sunt,

194 2879 249 2944 sed
278 2899 356 2960 quac
385 2879 518 2942 aliorum.
537 2876 582 2963 1)Ι
613 2878 678 2942 Hoc
709 2878 787 2940 enim
818 2877 907 2942 modo
937 2879 1009 2942 nibii
1037 2881 1111 2959 erit,
1142 2880 1224 2962 quod
1245 2883 1295 2944 vel

194 2993 261 3056 irati
290 2999 395 3056 nostro
425 2989 633 3072 indulgeamus
664 2989 800 3068 affectui,
831 2990 880 3051 vel
909 2989 1045 3054 faventes
1077 2998 1198 3058 nostrae
1228 2994 1294 3075 plus

195 3106 273 3169 inuio
296 3106 458 3170 tribuamus
480 3103 591 3185 aliquid
614 3103 767 3166 voluntati.

561 3300 733 3368 CAPUT
767 3299 927 3366 XXVIII.

194 3449 397 3501 biiscricordiam
422 3449 497 3499 etiarn
522 3463 578 3498 curn
602 3446 697 3499 invidia
721 3447 822 3514 propria
845 3445 941 3514 largiar
963 3443 1146 3511 exercendam,
1174 3446 1206 3497 ad
1224 3448 1293 3515 qnod

195 3537 306 3589 refertur
324 3534 497 3588 memorabilis
517 3551 635 3588 vasorum
653 3551 783 3586 sacrorum
808 3535 833 3583 in
859 3534 1016 3600 captivorum
1040 3533 1243 3600 redempti0nem
1262 3535 1294 3585 ab

195 3623 329 3674 Ambrosio
349 3622 486 3674 fractorum
505 3623 609 3674 historia
629 3631 655 3674 et
673 3622 842 3690 pulcherrima
862 3621 893 3672 de
912 3622 965 3671 auri
984 3627 1010 3670 ct
1029 3621 1137 3688 argenti,
1156 3637 1221 3688 quae
1240 3620 1293 3672 Ec-

197 3709 273 3760 ciesia
300 3712 433 3777 possidet,
460 3710 575 3778 legitimo
603 3727 649 3760 usu
675 3711 872 3776 praecipiuntur.
917 3707 980 3759 Hinc
1006 3715 1139 3774 postquam
1167 3723 1198 3758 ex
1226 3707 1293 3758 iacto

196 3796 275 3846 sancti
288 3797 416 3850 Laurentii
435 3799 536 3866 quinam
555 3799 611 3848 veri
630 3799 678 3849 sint
690 3797 825 3847 Ecclesiae
844 3797 956 3848 thesauri
975 3804 1103 3846 ostensum
1123 3803 1171 3858 cst,
1189 3793 1294 3861 regulae

227 3882 253 3933 in
274 3883 413 3939 conflandis
430 3894 508 3954 atquc
526 3885 695 3952 inpendendis
713 3886 779 3938 uasis
799 3886 901 3938 inicians
920 3883 1061 3934 servandae
1080 3889 1262 3950 proponuntur.

286 4003 355 4071 136.
401 4011 465 4074 Hoc
496 4011 654 4074 maximum
685 4009 865 4072 incentivum
887 4006 1129 4083 misericordiae,
1162 4011 1194 4066 ut
1216 4021 1294 4068 con-

201 4115 407 4126 --..-.

267 4162 465 4228 umen
