2976 4706
404 355 449 408 llll
468 353 605 408 OFFlCllS
625 353 848 409 lttdlsuttontttr
868 354 965 410 trusa
985 356 1015 410 ll.
1193 361 1256 426 169

161 535 266 581 vorum
278 523 332 580 est.
367 513 404 579 Et
415 533 488 580 vere
500 515 548 580 illa
560 523 629 582 sunt
644 533 716 582 vasa
731 516 872 598 pretiosa,
890 535 969 600 quae
983 515 1130 584 redimunt
1144 519 1257 584 animas

159 650 176 692 a
198 635 305 692 morte.
347 627 400 692 llle
422 647 513 692 uenus
536 634 582 692 eet
604 630 763 693 thesaurus
786 629 914 712 domini,
938 631 989 712 qui
1011 639 1154 715 operatur
1175 633 1259 716 quod

158 741 284 824 sanguis
321 741 386 804 eius
423 745 564 825 operatus
601 748 658 806 est
716 742 799 806 Tunc
836 759 890 805 aas
927 742 1066 808 dominici
1102 743 1257 829 sanguinis

158 855 342 937 agnoscitur,
365 873 431 918 cum
455 856 484 918 in
508 859 637 938 utroque
658 853 767 918 viderit
788 854 1040 938 redemptionem,
1063 863 1096 920 ut
1117 857 1196 920 calix
1218 857 1256 922 ah

158 966 248 1030 hoste
262 966 387 1030 redimat
405 983 483 1050 quos
497 969 654 1054 sanguise
669 974 793 1050 peccato
809 968 943 1034 redemit
982 970 1076 1045 Quam
1090 971 1256 1054 pulchrum,
1285 995 1290 1007 ·

158 1087 209 1160 ut,
239 1099 307 1144 oum
329 1083 447 1164 agmina
469 1083 651 1164 captivorum
674 1084 711 1146 eh
734 1081 869 1146 Ecclesia
891 1082 1093 1164 redimuntur,
1125 1083 1256 1148 dicatur:

157 1191 221 1256 llos
237 1193 372 1257 Christus
394 1194 540 1258 redemit.
565 1193 646 1259 llccc
667 1212 782 1275 aurum,
805 1195 886 1278 quod
907 1198 1030 1280 prohan'
1051 1203 1160 1280 potest,
1183 1217 1256 1261 ecce

158 1325 269 1372 aurum
285 1307 374 1387 utile,
402 1325 475 1371 ecce
498 1327 601 1374 aurum
624 1309 750 1389 Christi,
773 1309 896 1392 quoda
919 1317 1015 1374 morte
1036 1309 1160 1392 liherat,
1182 1329 1257 1375 occe

158 1437 272 1501 auram,
294 1438 355 1503 quo
377 1420 532 1486 redimitur
553 1421 703 1506 pudicitia,
726 1430 865 1486 servatur
887 1423 1022 1488 casdtasl

248 1530 320 1598 139.
357 1533 421 1597 llos
444 1552 521 1618 ergo
543 1534 632 1598 malui
654 1534 742 1598 vohis
765 1535 877 1599 liheros
897 1533 1025 1616 tradere,
1048 1553 1257 1618 poemenium

156 1663 326 1710 reservare.
363 1645 419 1710 llic
440 1663 583 1709 numerus
605 1646 799 1728 captivorum,
821 1646 870 1709 hic
890 1643 965 1709 ordo
985 1647 1186 1729 praestantior
1200 1651 1257 1726 cst,

157 1777 246 1840 quam
267 1760 386 1841 species
408 1759 595 1842 poculorum.
631 1759 707 1823 Huic
730 1760 845 1825 muncri
866 1759 1017 1842 proficere
1035 1757 1137 1824 dehuit
1152 1777 1257 1824 aurum

156 1870 366 1954 redemptoris,
387 1877 420 1934 ut
441 1872 603 1936 redimeret
625 1871 835 1954 periclitantes.
872 1871 1019 1956 Agnosco
1035 1871 1166 1938 inlusum
1181 1889 1256 1939 auro

156 1984 333 2068 sanguinem
356 1983 466 2047 Christi
487 2003 548 2049 uon
571 1983 668 2048 solum
690 1985 878 2064 inmutasse,
901 1986 1115 2048 verumetiam
1138 1985 1257 2052 divinae

157 2096 343 2177 operationis
366 2097 547 2177 impressisse
568 2097 708 2160 uirtutem
729 2097 944 2178 redemptionis
966 2115 1103 2160 munere.

248 2203 320 2271 140.
358 2209 431 2271 Tale
454 2229 557 2272 aurum
579 2189 700 2272 sanctus
721 2215 836 2292 martyr
856 2208 1034 2273 Laurentius
1058 2208 1178 2274 domiuo
1200 2225 1257 2272 rc-

156 2320 306 2382 servavit:
332 2339 349 2383 a
373 2338 433 2402 quo
456 2328 762 2403 conquaererentur
785 2322 917 2385 thesauri
941 2321 1098 2403 ecclesiae,
1121 2322 1257 2405 promisit

156 2450 192 2495 se
214 2432 493 2498 demonstraturum.
532 2434 675 2516 Sequenti
699 2435 748 2498 die
769 2453 918 2518 pauperes
941 2433 1034 2500 duxit
1079 2436 1256 2520 Interroga·

156 2550 221 2627 tus,
253 2546 304 2609 uhi
325 2553 429 2610 essent
451 2548 600 2628 thesauri,
629 2565 706 2629 quos
729 2549 925 2630 promiserat,
956 2547 1085 2614 ostendit
1107 2567 1256 2632 pauperes

155 2659 276 2723 dicens:
298 2659 335 2724 lli
356 2668 427 2726 sunt
448 2661 580 2726 thesauri
600 2663 757 2727 ecclesiae.
794 2663 832 2727 Et
846 2682 921 2728 aare
937 2661 1080 2744 thesauri,
1102 2663 1134 2727 in
1150 2663 1257 2756 quihus

155 2771 291 2836 Christus
314 2781 377 2854 est,
408 2776 438 2837 in
467 2775 575 2857 quihus
598 2776 707 2841 Christi
737 2777 812 2842 lides
841 2784 896 2842 ast
940 2777 1079 2858 Denique
1101 2776 1256 2858 apostolus

156 2885 213 2948 ait:
234 2882 262 2968 ¹)
294 2885 452 2950 Herdoneae
481 2890 658 2954 thesaurum
687 2891 782 2954 istum
803 2891 838 2952 in
857 2891 948 2955 cosia
970 2890 1125 2970 ficlilibus.
1171 2891 1256 2964 Quos

123 3011 127 3022 ’
154 2997 297 3061 meliores
325 2999 483 3064 thesauros
510 3001 600 3065 hahet
622 3003 775 3084 Christus,
807 3023 893 3086 quam
923 3021 995 3085 eos,
1027 3003 1192 3085 inquibus
1220 3019 1256 3066 se

154 3126 227 3173 esse
249 3109 351 3174 dixit?
395 3112 444 3178 Sic
467 3114 546 3179 cnim
568 3115 708 3200 scriptum
731 3123 794 3180 est:
811 3114 844 3200 ²)
878 3116 1026 3196 Esurici,
1061 3125 1092 3178 ct
1122 3117 1255 3180 dedistis

154 3223 228 3285 mihi
249 3225 459 3300 maeduccrc3
480 3225 579 3306 sitici,
603 3237 633 3290 at
646 3229 778 3293 dedistis
792 3231 869 3294 milti
884 3230 987 3294 hibere
995 3251 1007 3304 ;
1029 3231 1142 3311 hospes
1158 3249 1253 3306 crum,

154 3348 185 3401 ct
206 3339 378 3420 collepiatis
401 3360 456 3403 mc.
494 3340 530 3404 Et
552 3341 645 3406 inlra:
664 3340 696 3426 ³)
721 3343 814 3419 Quod
831 3346 910 3406 caim
925 3344 981 3406 aci
996 3345 1107 3405 horam
1119 3341 1253 3420 fecistis,

154 3451 229 3514 mihi
256 3451 390 3531 sociatis.
445 3452 529 3528 Quos
559 3453 700 3518 meliores
729 3455 813 3520 lesus
843 3454 932 3519 hahet
959 3453 1135 3532 thesauros,
1166 3469 1257 3534 quam

154 3580 220 3643 eos,
243 3564 404 3646 inquibus
428 3571 505 3627 amat
527 3564 650 3628 videri?

244 3673 315 3742 141.
358 3677 423 3742 llos
454 3677 612 3741 thesauros
642 3676 854 3742 demonstrarit
882 3676 1080 3756 Laurentius,
1114 3683 1144 3740 et
1174 3677 1254 3757 vicit,

155 3789 235 3869 quod
265 3809 319 3855 eos
348 3809 407 3854 nec
433 3795 613 3873 persecutor
640 3792 735 3874 potuit
758 3791 888 3854 auferre.
933 3790 1036 3871 ltaque
1057 3789 1203 3869 loachim,
1220 3784 1253 3873 ⁴)

155 3901 206 3982 qui
235 3915 339 3966 aurum
367 3903 399 3967 in
428 3899 586 3968 obsidione
613 3903 770 3983 seruabat,
801 3919 859 3966 nec
881 3900 1072 3984 dispensabat
1094 3900 1253 3966 alimoniae

162 4061 366 4076 Π-ῃ

227 4139 254 4207 1)
271 4140 297 4194 a.
311 4137 445 4210 coeca.
481 4143 510 4212 a)
524 4144 722 4213 neruosas.
757 4141 958 4214 munnae.
994 4140 1250 4214 maneamne.
1385 4155 1391 4162 ·
