2976 4706
419 353 464 410 DE
486 353 622 411 osrtctts
643 355 865 412 tdttttstuoutttt
883 355 980 414 umen
997 358 1028 414 ll.
1200 361 1263 428 159

166 531 263 597 aquae
286 513 414 600 trigidae
437 534 454 577 a
477 517 616 596 praemiis
647 518 896 582 remunerationis
922 519 1049 584 inmunis
1078 518 1126 582 sit.
1171 517 1263 584 Vides

163 629 232 710 quia
247 625 398 694 Abraham
414 627 502 692 deum
525 633 641 715 recepit
663 631 810 714 hospitio,
832 631 901 698 duur
924 632 1060 716 hospites
1082 633 1205 716 quaerit.
1231 628 1263 715 ¹)

161 741 253 806 Vides
276 741 345 822 quia
366 741 422 805 Lot
444 741 571 824 angelos
594 740 780 826 susceptat)
818 743 902 807 Unde
924 747 1003 826 scis,
1026 763 1063 809 an
1080 750 1109 808 et
1124 749 1172 824 tu,
1196 763 1263 808 cum

158 853 290 937 suscipis
324 854 491 936 hospitem,
529 855 676 936 suscipias
710 853 872 935 Christum,
909 857 979 920 licet
1010 859 1041 920 in
1074 856 1192 939 hospite
1226 859 1264 920 sit

158 967 306 1046 Christus,
329 967 397 1048 quia
414 967 548 1032 Christus
564 967 594 1030 in
610 985 743 1050 paupere
758 975 814 1048 est,
835 970 913 1033 sicut
928 969 993 1051 ipse
1008 971 1064 1033 ait:
1080 966 1113 1053 ⁸)
1135 969 1173 1034 ln
1189 990 1262 1034 cor-

162 1099 233 1146 csre
255 1099 341 1144 mom
364 1091 394 1144 ct
413 1083 543 1144 mistis
564 1081 608 1144 od
629 1099 686 1158 ote,
709 1082 814 1144 andos
837 1101 925 1145 erum
946 1091 976 1144 et
998 1083 1169 1162 operuistis
1191 1084 1263 1146 me?

250 1191 322 1259 108.
368 1194 467 1260 Suave
483 1201 530 1258 est
545 1195 636 1277 igitur
655 1211 715 1258 non
737 1196 894 1276 pecuniae,
917 1195 971 1258 sed
994 1195 1108 1278 gratiae
1130 1196 1262 1261 studere.
1299 1273 1304 1278 ,

161 1307 273 1370 Verum
296 1305 355 1370 hoc
377 1305 482 1371 malum
506 1306 562 1368 iam
586 1303 694 1368 dudum
723 1305 858 1370 humanis
888 1307 1005 1372 influxit
1034 1309 1200 1390 mentibus,
1231 1315 1264 1374 ut

160 1419 285 1500 pecunia
316 1416 425 1482 honori
452 1417 507 1496 sit,
530 1423 561 1479 et
583 1415 671 1479 animi
694 1415 845 1480 hominum
869 1417 1035 1482 divitiarum
1068 1420 1263 1484 admiratione

159 1531 322 1612 captantur.
362 1528 434 1592 lude
455 1545 491 1592 se
513 1527 646 1590 inmersit
666 1529 807 1608 avaritia,
830 1529 922 1592 veluti
946 1529 1091 1611 quaedum
1114 1534 1262 1598 bonorum

159 1642 279 1706 enidius
304 1641 482 1719 officiorum,
504 1648 537 1702 ut
551 1640 686 1704 hominos
710 1640 847 1704 damnum
871 1649 984 1724 putent,
1008 1644 1153 1725 quidquid
1167 1665 1262 1728 prae-

159 1763 207 1818 ter
228 1772 341 1818 morem
368 1751 545 1832 inpenditur.
590 1751 762 1817 sedetiam
786 1754 816 1814 in
840 1754 898 1818 boc
920 1756 1067 1820 adversus
1098 1759 1261 1840 avaritiam,

159 1886 200 1930 ne
226 1865 307 1948 quod
330 1865 442 1929 adferri
463 1866 559 1947 possit
581 1865 831 1948 inpedimentum,
854 1871 1010 1949 prospexit
1034 1871 1180 1951 scriptura
1201 1890 1262 1935 ve-

159 1979 301 2045 nerabilis
333 1979 451 2042 dicens:
468 1975 501 2062 ⁴)
538 1977 622 2053 Ouio
649 1980 761 2042 melior
784 1988 831 2042 cst
851 1981 1053 2061 hospitalitas
1080 2001 1147 2044 com
1172 1985 1261 2046 holc-

159 2091 257 2155 ribos.
302 2089 339 2154 Et
363 2091 455 2154 infra:
472 2087 505 2174 ὅ)
529 2091 642 2154 Melior
663 2099 710 2153 est
729 2091 827 2170 ponis
849 2092 883 2153 in
907 2091 1062 2154 suuoitotc
1084 2112 1152 2155 com
1170 2113 1260 2175 poco.

159 2205 228 2270 Non
252 2205 329 2267 enim
353 2203 498 2286 prodigos
520 2220 577 2266 uos
600 2201 689 2264 docet
712 2219 782 2264 esse
805 2202 969 2284 scriptura,
992 2203 1047 2266 sed
1068 2205 1216 2268 liberales.

250 2311 320 2381 109.
365 2315 524 2399 Largitatis
546 2316 623 2378 eninr
640 2315 699 2378 duo
715 2321 784 2377 sunt
803 2333 933 2397 genero:
956 2333 1046 2380 unum
1069 2316 1260 2396 liberalitatis,

159 2430 282 2492 alterum
312 2428 459 2512 prodigae
487 2429 651 2492 effusionis.
691 2428 829 2492 Liberale
854 2435 901 2492 est
924 2429 1070 2511 hospitem
1095 2429 1262 2511 suscipere,

158 2541 270 2606 nudum
303 2542 432 2621 vestire,
466 2540 615 2604 redimere
637 2543 792 2623 captivos,
822 2560 883 2606 nou
904 2541 1048 2606 habentes
1070 2548 1187 2623 sumptu
1210 2541 1262 2608 iu·

159 2673 250 2731 vure;
272 2654 431 2737 prodigum
453 2663 502 2718 est
522 2656 702 2738 sumptuosis
724 2655 851 2720 effluere
872 2655 1021 2722 conviviis
1044 2663 1075 2717 et
1096 2655 1168 2718 vino
1190 2655 1262 2737 plu-

158 2767 234 2831 rimo
246 2790 255 2846 ;
289 2766 369 2830 unde
398 2767 516 2850 legisti:
532 2762 565 2850 ⁶)
594 2767 764 2848 Prodigum
787 2777 837 2830 cst
858 2770 964 2832 ninom
986 2775 1016 2828 ct
1037 2765 1262 2832 contumelioso

159 2880 304 2942 cbristus.
350 2879 508 2961 Prodigum
523 2879 734 2960 estpopulun's
755 2879 868 2942 favoris
889 2880 984 2961 gratia
1007 2880 1162 2944 exinanire
1183 2897 1262 2962 pro·

160 2992 242 3073 prius
265 3009 357 3074 opes,
381 2990 463 3073 quod
485 2990 597 3054 iaciunt
618 2991 669 3072 qui
691 2989 768 3053 ludis
791 2992 976 3054 circensibus
992 2994 1042 3056 vel
1064 2993 1151 3056 ctiam
1174 2993 1262 3058 theu

161 3104 331 3168 tralibuset
351 3103 523 3168 nnmntus
545 3102 729 3187 gladiatoriis
753 3105 801 3166 vel
824 3106 911 3168 etiarn
934 3106 1143 3170 venationibus
1166 3105 1262 3187 patri-

155 3218 288 3282 monium
315 3216 480 3298 dilapidant
507 3233 610 3294 suum,
638 3222 674 3278 ut
696 3217 816 3280 vincant
844 3217 1034 3297 superiorum
1064 3216 1261 3297 celebritates,

156 3346 225 3392 cum
248 3336 340 3392 totum
362 3327 435 3392 illud
457 3327 497 3392 sit
518 3329 624 3407 inane,
654 3326 735 3408 qaod
765 3334 873 3410 agunt,
903 3327 1141 3409 quandoquidem
1173 3328 1262 3390 etiam

157 3442 305 3506 bonorum
328 3457 455 3522 operum
477 3439 641 3521 sumptibus
664 3439 880 3503 inmoderatum
902 3455 972 3502 esse
993 3455 1055 3502 non
1076 3437 1192 3502 deceat.

249 3554 320 3621 lib.
361 3553 490 3618 l’ulchra
505 3552 664 3616 liberalitas
685 3571 759 3635 erga
774 3553 858 3634 ipsos
873 3567 994 3634 quoque
1008 3567 1156 3633 pauperes
1171 3567 1261 3614 meu-

158 3687 258 3734 suram
283 3675 407 3747 tenere,
440 3673 474 3730 ut
495 3664 630 3728 abundes
659 3666 811 3746 pluribus3
846 3683 906 3728 non
936 3662 1115 3728 conciliandi
1146 3663 1260 3728 inumb

153 3782 255 3866 gratia
276 3781 354 3846 ultra
380 3778 500 3844 modum
523 3776 626 3840 liuere.
671 3775 820 3858 Quidqud
843 3795 884 3840 ex
905 3776 1015 3841 affectu
1037 3794 1113 3858 puro
1135 3793 1171 3839 ac
1194 3776 1260 3840 sin·

205 4034 258 4111 ‘n
279 4043 341 4098 usn.
361 4045 403 4113 re,
423 4045 520 4117 seqq.
576 4044 783 4113 spurcius.
837 4047 866 4108 s)
884 4044 969 4098 uam.
984 4043 1028 4110 as,
1042 4043 1082 4098 se.
1136 4043 1166 4116 r)
1184 4043 1259 4101 uror.

160 4132 202 4199 15,
224 4131 265 4184 rr.
337 4133 365 4198 s)
385 4132 448 4186 nro.
469 4133 512 4201 rr,
532 4133 556 4186 r.
627 4133 657 4202 e)
676 4131 738 4186 nro.
758 4131 801 4198 oo,
820 4134 846 4186 r.
