2980 4700
429 346 475 402 DE
495 345 633 404 omens
648 345 875 404 tudlstnottuu
892 347 990 403 trusa
1007 349 1027 406 1.
1233 354 1274 419 95

178 504 320 572 secundis
341 513 372 572 et
391 511 476 592 quasi
498 516 589 576 vento
612 509 751 594 quodam,
775 513 923 578 variarum
945 531 1045 578 rerum
1068 509 1275 576 circumfertur

177 621 347 686 mutatione.
402 623 479 698 Ouid
514 632 614 688 autem
649 627 799 692 excelsius
833 634 863 690 et
894 625 1148 710 magnificentius,
1186 643 1276 706 quam

178 752 325 800 exercere
358 743 504 816 mentem,
537 737 658 801 allicere
690 757 828 819 carnem,
860 742 891 803 in
923 741 1094 804 servitutem
1124 738 1275 820 redigere,

177 855 210 910 ut
225 847 345 912 obediat
366 847 507 929 imperio,
531 849 663 912 consiliis
687 850 889 932 obtemperet,
912 857 943 914 ut
966 852 996 916 iu
1019 852 1163 916 adeundis
1186 853 1276 915 labo-

177 961 261 1025 ribus
284 962 402 1046 inpigre
426 968 608 1042 exsequatur
629 963 814 1044 propositum
837 963 983 1026 animine
1006 963 1213 1028 voluntatem?

267 1073 337 1140 182.
389 1075 470 1138 llaec
503 1075 595 1157 igitur
628 1076 722 1156 prima
754 1075 800 1139 vis
834 1074 1033 1155 tortitudinis,
1073 1077 1212 1158 quoniam
1245 1057 1286 1140 in¹

178 1185 294 1252 duobus
321 1188 484 1271 generibus
515 1188 657 1253 fortitudo
690 1195 841 1271 spectatur
872 1190 969 1253 animi.
1012 1167 1135 1272 Primo,
1157 1198 1190 1253 ut
1216 1209 1275 1254 ex-

178 1309 262 1366 terna
293 1303 431 1383 corporis
455 1320 511 1385 pro
534 1305 661 1368 minimis
694 1303 802 1368 habeat
824 1310 853 1366 et
876 1306 963 1386 quasi
992 1303 1143 1386 superflua
1170 1303 1276 1386 despi-

177 1415 282 1479 cienda
305 1416 419 1500 magis,
450 1435 538 1496 quam
562 1417 731 1499 expetenda
754 1417 843 1482 ducat
850 1439 859 1495 ;
890 1417 1043 1496 secundo,
1067 1423 1099 1480 ut
1121 1425 1175 1496 ea,
1198 1435 1276 1498 quae

177 1546 289 1594 summa
327 1535 414 1610 sunt,
452 1547 617 1610 omnesque
652 1547 720 1610 res,
760 1532 790 1595 iu
825 1532 932 1611 quibus
966 1531 1107 1594 honestas
1141 1536 1171 1593 et
1203 1530 1275 1594 illud

176 1633 303 1728 πρέπον
323 1643 472 1724 cernitur,
494 1641 648 1725 praeclare
669 1643 758 1706 animi
780 1644 946 1708 intentione
964 1642 1117 1724 usquead
1137 1642 1275 1706 ellectum

176 1761 383 1840 persequatur.
429 1757 506 1832 Quid
529 1756 607 1819 enim
626 1763 683 1819 tam
706 1757 908 1837 praeclarum,
932 1776 1020 1838 quam
1038 1763 1070 1818 ut
1087 1756 1127 1818 ita
1148 1757 1276 1820 animum

137 1901 141 1908 ·
178 1869 321 1932 informes
350 1876 450 1948 tuum,
481 1873 513 1930 ut
535 1884 634 1948 neque
665 1864 799 1946 divitias,
832 1885 933 1948 neque
961 1867 1147 1949 voluptates,
1177 1885 1276 1948 neque

176 1982 311 2046 honores
333 1981 364 2042 in
387 1979 520 2044 maximis
554 1978 733 2058 constituas,
762 1996 861 2059 neque
892 1979 922 2040 in
952 1978 997 2040 his
1027 1979 1155 2044 studium
1187 1999 1275 2046 omne

178 2095 343 2160 conteras?
388 2092 475 2168 Quod
498 2111 565 2156 cum
587 2094 627 2157 ita
650 2091 776 2156 affectus
799 2092 896 2156 animo
927 2092 1038 2172 lucris,
1068 2112 1196 2158 necesse
1219 2102 1275 2174 est,

176 2218 210 2276 ut
240 2209 311 2274 illud
341 2208 498 2272 honestum
534 2225 569 2270 ac
600 2206 742 2270 decorum
776 2206 1022 2288 praeponendum
1055 2213 1143 2288 putes
1174 2207 1275 2288 illique

178 2313 315 2386 mentem
329 2321 368 2384 ita
390 2316 527 2382 intendas
550 2325 646 2395 tuam,
680 2323 712 2380 ut
735 2316 876 2397 quidquid
898 2315 1057 2396 acciderit,
1092 2336 1152 2398 quo
1175 2317 1275 2400 trangi

177 2436 268 2500 animi
289 2433 404 2514 solent,
436 2439 468 2494 ut
490 2431 657 2518 patrimonii
680 2430 798 2493 amissio
821 2436 870 2494 aul
893 2429 1017 2494 honoris
1047 2430 1202 2495 imminutio
1226 2435 1276 2495 aut

177 2547 354 2614 obtrectatio
385 2544 564 2623 infidelium,
597 2543 683 2624 quasi
707 2544 847 2626 superior
870 2563 931 2608 non
953 2542 1081 2619 sentias3
1113 2542 1221 2606 deiude
1243 2550 1277 2605 ut

177 2668 208 2724 te
231 2659 334 2724 salutis
365 2658 459 2740 ipsius
491 2655 625 2738 pericula
655 2673 712 2736 pro
745 2655 854 2719 iustitia
882 2661 1021 2737 suscepta
1044 2674 1105 2719 non
1128 2661 1275 2720 moveant.

269 2769 339 2836 183.
385 2771 466 2834 Haec
482 2787 556 2831 vera
577 2768 717 2832 tortitudo
734 2774 789 2846 est,
813 2787 900 2850 guam
922 2768 1011 2832 habet
1027 2768 1135 2832 Christi
1156 2768 1276 2849 athleta,

177 2888 248 2971 qui,
270 2885 328 2950 nisi
350 2885 483 2968 legitime
507 2881 681 2960 certaverit,
704 2899 764 2944 non
787 2885 956 2945 coronatur.
977 2878 1008 2964 ¹)
1052 2880 1100 2944 An
1124 2881 1277 2945 mediocre

178 3002 230 3068 tibi
252 2998 370 3062 videtur
393 3002 584 3079 pracceptum
609 2993 801 3057 tortitudinis:
819 2991 852 3076 ²)
889 2993 1064 3058 tribulatio
1091 2995 1277 3076 potientium

179 3120 352 3196 operatur,
385 3108 544 3190 patientta
578 3106 812 3187 probationem,
847 3105 995 3184 probatio
1031 3115 1132 3170 autem
1165 3107 1277 3187 apem?

178 3229 255 3292 Vide
278 3230 351 3307 quot
373 3223 550 3300 certamina,
581 3227 611 3284 et
632 3239 691 3284 una
713 3220 843 3284 corona!
889 3219 978 3293 Quod
1000 3227 1194 3302 praeceptum
1215 3238 1277 3284 non

179 3343 245 3426 dat,
275 3340 332 3404 nisi
354 3340 404 3420 qui
426 3342 472 3401 est
495 3334 679 3399 confortatus
703 3334 733 3395 in
757 3333 875 3398 Christo
898 3329 985 3412 lesu,
1020 3334 1103 3398 cuius
1127 3351 1199 3398 caro
1221 3351 1277 3396 rs-

180 3456 279 3543 quiem
310 3470 371 3517 non
402 3451 536 3514 babebat.
581 3447 715 3544 Afflictis
740 3445 887 3528 undique:
923 3445 997 3509 loris
1027 3462 1166 3529 pugnae,
1198 3445 1277 3513 intus

180 3571 312 3636 timores.
358 3566 394 3630 Et
422 3564 556 3646 quamde
584 3564 615 3626 in
638 3561 794 3644 periculis,
828 3561 858 3623 in
881 3559 1031 3624 laboribus
1060 3557 1212 3640 plurimis,
1246 3557 1278 3620 in

181 3681 371 3758 carceribus,
401 3680 432 3740 in
460 3677 602 3740 mortibus
632 3676 765 3757 positus,
799 3673 897 3736 animo
929 3680 1027 3736 tamen
1059 3688 1121 3733 non
1150 3669 1278 3753 frange-

180 3795 287 3875 batur,
309 3792 364 3859 sed
387 3789 608 3874 praeliabatur,
633 3786 709 3850 adeo
732 3792 763 3849 ut
785 3784 936 3867 potentior
958 3784 1020 3850 suis
1044 3783 1131 3848 lieret
1151 3782 1277 3848 irrlirmi-

181 3908 297 3972 tatibus.
315 3903 348 3989 ³)

254 4143 283 4214 l)
301 4142 326 4196 ι.
345 4139 408 4194 'lina
426 4139 453 4210 2,
471 4143 496 4194 5.
569 4141 598 4208 2)
616 4139 689 4198 llum.
708 4140 734 4206 5,
753 4139 769 4193 3
787 4156 841 4212 seq.
922 4142 950 4208 3)
970 4141 994 4194 2
1013 4137 1072 4194 Gor.
1092 4139 1135 4208 tl,
1153 4139 1188 4193 at
1205 4153 1278 4210 sagq.
