2976 4706
185 345 257 412 343
641 337 841 393 s.sueaosn

190 519 253 568 non
268 500 395 566 redemit
409 500 590 581 ubertatem,
613 499 827 584 prospicientia
840 498 931 564 totius
946 495 1078 581 Aegypti
1092 514 1148 581 per
1163 502 1289 580 septen-

190 617 283 681 nium·
295 615 403 680 lumem
425 615 563 697 reppulit.

278 727 329 794 75.
368 727 472 792 ‘Facile
492 734 590 792 autem
611 727 737 810 pecunia
760 727 959 806 consumitur,
991 723 1116 790 consilia
1139 722 1290 787 exhauriri

109 849 112 854 “
186 840 334 916 nesciunt.
378 838 462 902 Haeo
483 856 539 904 usu
562 845 725 923 augentur;
747 839 874 922 pecunia
896 838 1036 902 minuitur
1059 842 1089 900 et
1111 838 1169 900 cito
1193 835 1290 900 deicit

189 959 279 1034 atque
302 952 396 1034 ipsam
418 950 549 1015 destituit
571 951 800 1035 benignitatem,
822 958 855 1015 ut
877 967 937 1033 quo
960 950 1093 1031 pluribus
1111 947 1214 1032 largiri
1229 965 1290 1011 vo-

188 1065 297 1146 lueris,
329 1084 367 1129 eo
396 1066 557 1148 pauciores
588 1064 713 1129 adiuves
744 1069 774 1126 et
802 1082 894 1147 saepe
925 1063 978 1128 tibi
1008 1062 1086 1126 desit
1114 1033 1195 1143 quod
1225 1059 1290 1124 aliis

186 1177 406 1244 conlerendum
439 1175 602 1258 putaveris.
662 1174 784 1239 consilii
817 1181 915 1238 autem
950 1175 1110 1256 operisque
1152 1173 1290 1252 conlatio,

188 1309 249 1374 quo
272 1293 302 1354 in
325 1291 425 1373 plures
449 1288 641 1368 diffiduntur,
672 1307 711 1353 eo
733 1288 949 1352 redundantior
977 1292 1078 1350 manet
1100 1292 1130 1348 et
1151 1287 1180 1348 in
1203 1303 1290 1349 suum

187 1403 302 1468 iontem
324 1403 462 1466 recurrit.
500 1402 532 1463 ln
549 1420 584 1466 se
600 1402 678 1464 eninr
699 1399 799 1463 refluit
820 1401 941 1462 ubertas
965 1397 1158 1481 prudentiae,
1180 1402 1211 1460 et
1230 1412 1290 1477 quo

185 1517 330 1598 pluribus¹
345 1516 481 1594 duxerit,
505 1533 543 1580 eo
566 1515 729 1579 exercitius
751 1513 783 1578 lit
805 1531 909 1592 omne,
926 1509 1015 1594 'quod
1036 1515 1178 1574 remanet.

552 1813 554 1819 .
589 1746 759 1814 CAPUT
797 1745 891 1813 XVI.

188 1910 292 1964 llodom
311 1913 337 1964 in
355 1909 508 1963 iiberalitate
535 1909 706 1976 sonandum,
731 1925 765 1962 ne
784 1909 951 1978 profundatur
967 1910 993 1960 in
1010 1907 1128 1978 indignos
1154 1907 1225 1977 quod
1247 1906 1291 1959 di·

187 1997 318 2066 gnioribus
336 1996 491 2061 debebatur3
510 2012 562 2049 non
581 2005 664 2049 tamen
681 1999 755 2052 nimis
772 2012 851 2066 paroc
869 2013 900 2049 ac
917 1995 1006 2048 timide
1021 1993 1196 2048 ministrandas
1215 1991 1290 2046 elee-

187 2097 320 2151 mosynas,
352 2082 399 2135 sed
422 2084 570 2137 imitandum
595 2084 698 2136 beatum
724 2083 832 2153 loseph,
860 2084 932 2137 cuius
958 2081 1091 2152 prudentia
1112 2079 1291 2151 prolixioribus

492 2196 499 2208 =
586 2171 672 2226 verbis
692 2170 890 2225 commendatur.

184 2343 219 2362 --
276 2311 326 2378 tu.
372 2313 479 2394 Liquet
508 2313 598 2396 igitur
630 2313 742 2379 debere
769 2331 838 2379 esse
867 2311 1050 2378 liberalitatis
1081 2312 1216 2392 modum,
1249 2329 1289 2374 ne

185 2425 237 2492 liat
265 2425 377 2488 inutilis
404 2426 545 2508 largitas,
576 2426 661 2490 cuius
692 2428 842 2492 sobrietas
870 2426 999 2492 tenenda
1027 2432 1091 2506 est,
1122 2425 1289 2489 maximea

188 2536 408 2616 sacerdotibus,
429 2544 463 2599 ut
486 2555 547 2600 non
569 2556 625 2619 pro
648 2539 795 2618 iactantia,
819 2539 873 2603 sed
895 2557 950 2622 pro
972 2539 1082 2603 iustitia
1105 2537 1288 2619 dispensent

186 2645 341 2728 Nusquam
364 2648 441 2710 enim
465 2650 559 2712 maior
581 2649 704 2715 aviditas
731 2651 891 2734 petitionis.
936 2652 1066 2716 Veniunt
1093 2650 1200 2729 validi,
1230 2665 1289 2711 ve-

186 2762 272 2825 niunt
303 2761 412 2826 nullam
445 2779 583 2842 musam,
614 2764 671 2826 nisi
700 2764 829 2847 vagandi
859 2765 1005 2829 babentes
1028 2770 1057 2828 et
1079 2765 1184 2829 volunt
1212 2763 1290 2826 sub-

186 2869 279 2938 sidia·
297 2891 446 2938 evacuare
479 2893 661 2958 pauperum,
698 2879 854 2942 exinanire
886 2885 1051 2961 sumptum,
1087 2896 1146 2941 nec
1177 2877 1289 2958 exiguo

186 2987 322 3051 contenti
343 2988 456 3052 maiora
480 2995 643 3070 quaerunt,
676 2991 786 3055 ambitu
808 2992 934 3056 vestium
962 2995 1113 3073 captantes
1137 2988 1289 3071 petitionis

186 3097 363 3181 suffragium
385 3107 417 3164 et
438 3102 576 3165 natalium
600 3104 789 3170 simulatione
814 3105 962 3170 licitantes
984 3104 1167 3167 incrementa
1191 3118 1289 3181 quae-

185 3209 297 3275 stuum
339 3211 390 3274 llis
413 3213 440 3275 si
463 3215 530 3296 quis
554 3215 642 3282 iacile
671 3218 787 3283 delerat
818 3219 922 3298 iidem,
954 3217 1013 3280 cito
1044 3214 1182 3280 exhaurit
1210 3231 1290 3295 pau-

185 3341 294 3405 perum
324 3315 470 3388 alimoniis
498 3328 654 3407 profutura
677 3329 853 3411 conpendia.
897 3326 1004 3392 blodus
1035 3322 1182 3410 largiendi
1204 3321 1290 3403 adsit,

189 3440 221 3497 ut
244 3434 357 3498 necilli
376 3437 481 3500 inanes
504 3438 664 3520 recedant,
687 3459 787 3522 neque
809 3439 1022 3504 transcribatur
1043 3439 1102 3503 vita
1126 3453 1290 3520 pauperum

186 3539 220 3608 ir'r
237 3547 345 3627 spolia
376 3547 640 3616 fraudulentorum.
685 3552 729 3615 Ea
760 3570 836 3636 ergo
866 3569 1005 3616 mensura
1037 3550 1093 3629 sit,
1127 3555 1159 3612 ut
1190 3567 1291 3630 neque
1353 3557 1357 3564 ’

190 3657 356 3723 humanitas
378 3659 549 3744 deseratur,
571 3683 629 3728 neo
652 3663 828 3730 destituatur
849 3663 1023 3728 necessitas.

211 3764 213 3770 ’
241 3813 245 3818 -
281 3763 334 3834 77ζ
364 3774 514 3855 -Plerique
536 3776 674 3839 simulant
697 3775 794 3840 debita
801 3796 810 3851 ;
841 3775 881 3838 sit
905 3775 971 3837 veri
997 3791 1132 3836 examen.
1177 3771 1292 3838 Exutos

186 3877 304 3966 seper
325 3884 480 3948 lenocinia
501 3886 660 3968 deplorant
665 3909 675 3965 ς
698 3892 749 3952 aut
762 3886 868 3950 iniuria
885 3885 973 3949 fidem
988 3883 1078 3948 iaciat
1092 3891 1142 3948 aut
1157 3885 1291 3969 cognitio

191 4012 350 4077 personae,
374 4016 434 4079 quo
457 3999 637 4080 propensius
659 4000 787 4062 iuvetur.
824 3997 873 4061 Ab
896 3996 1025 4062 ecclesia
1046 3997 1189 4080 relegatis
1204 4014 1291 4061 sum-

192 4107 497 4190 ptusimpartiendos,
520 4108 640 4174 sidesit
654 4109 813 4194 eis-alendi
831 4108 926 4191 copia.
971 4109 1075 4193 ltaque
1097 4111 1149 4192 qui
1171 4110 1292 4178 modum
