2966 4708
234 342 297 404 2045
682 333 707 386 S.
725 327 882 386 auuuostt

321 494 372 562 89.
414 493 490 570 Ouid
513 500 612 556 uatem
635 492 712 556 atiud
735 493 873 572 loannes,
896 491 954 554 nisi
977 490 1162 554 honestatem
1185 487 1331 553 conside-

234 614 328 690 ravit,
354 617 386 673 ut
408 609 581 672 inhonestas
604 609 720 690 nuptias
743 608 832 671 etiarn
855 608 885 669 iu
908 625 983 690 rege
1006 623 1065 669 non
1089 613 1195 690 posset
1215 605 1332 688 perpeti

235 725 356 787 dicens:
370 703 495 805 ¹)'Nca
517 721 573 784 tibi
596 723 669 784 licet
689 723 776 784 iilum
797 740 929 784 osorem
946 720 1069 783 babere.
1108 720 1207 783 Potuit
1221 725 1332 796 tacere,

237 840 292 900 uisi
316 837 489 899 imteocrum
512 836 568 897 sibi
592 834 754 898 iudicasset
776 835 879 898 mortis
902 840 982 896 metu
1004 851 1108 896 verum
1134 852 1196 896 non
1219 833 1331 910 dicere,

235 951 378 1014 inclinare
401 949 467 1032 regi
490 947 692 1030 propheticam
708 950 923 1026 auctoritatem,
945 945 1144 1010 adulationem
1159 947 1331 1008 subtexere.

237 1064 356 1130 Sciebat
378 1064 480 1143 utique
503 1062 677 1125 moriturum
699 1079 734 1124 se
757 1077 836 1140 esse,
859 1060 927 1140 quia
943 1058 1009 1142 regi
1025 1057 1238 1122 adversabatur
1245 1079 1254 1134 ;
1277 1056 1333 1120 sed

237 1177 422 1240 honestatem
444 1175 532 1238 saluti
553 1174 702 1257 praetulit.
739 1173 777 1236 Et
799 1181 897 1238 umen
920 1172 991 1254 quid
1012 1173 1122 1251 utilius,
1146 1191 1233 1254 quam
1252 1171 1333 1252 quod

239 1290 389 1374 passionis
413 1289 479 1350 viro
502 1293 605 1350 sancto
629 1286 750 1350 advexit
770 1285 922 1368 gloriam?

326 1400 378 1466 90.
416 1402 522 1467 Sancta
546 1419 665 1482 quoque
689 1400 824 1465 Susanna
835 1394 868 1482 Ιι)
890 1397 1061 1460 denuntiato
1085 1396 1152 1459 falsi
1171 1395 1335 1462 ‚testimonii

240 1524 368 1594 terrore,
391 1514 548 1588 cumhinc
571 1530 605 1576 se
628 1511 745 1575 videret
766 1513 891 1596 urgueri
908 1510 1051 1594 periculo,
1073 1509 1143 1573 inde
1159 1509 1333 1592 opprobrio,

239 1629 341 1692 maluit
366 1629 491 1692 honesta
513 1632 609 1689 morte
631 1626 726 1688 'vitare
749 1626 957 1708 opprobrium,
988 1643 1075 1705 quam
1104 1622 1202 1686 studio
1231 1622 1335 1686 salutis

240 1750 356 1824 turpem
378 1743 466 1806 vitam
488 1740 590 1802 subire
612 1757 647 1802 ac
669 1741 827 1802 sustinere
870 1739 973 1820 itaque
1006 1738 1074 1802 dum
1105 1737 1254 1801 honestati
1283 1737 1335 1800 in-

240 1853 344 1933 tendit,
360 1848 393 1936 ³)
415 1852 503 1915 etiam
525 1851 614 1913 vitam
636 1852 820 1914 reservavit:
845 1870 922 1933 quae
943 1852 970 1914 si
991 1851 1040 1931 id,
1063 1850 1144 1933 quod
1166 1851 1222 1913 sibi
1245 1849 1335 1912 vide-

240 1968 327 2030 batur
349 1966 386 2028 ad
408 1966 497 2028 vitam
521 1965 609 2044 utile,
639 1967 892 2047 praeoptavisset,
924 1983 986 2030 uon
1014 1972 1122 2029 tantam
1150 1969 1338 2047 reportasset

240 2080 387 2164 gloriam,
419 2079 507 2141 immo
530 2079 617 2140 etiam
641 2076 687 2156 id,
717 2077 798 2158 quod
820 2097 881 2142 non
903 2078 999 2142 sotum
1021 2078 1141 2157 inutiie,
1171 2077 1225 2139 sed
1249 2078 1336 2140 etiam

241 2193 441 2276 periculosum
472 2191 569 2272 soret,
602 2211 730 2274 poenam
763 2194 893 2258 criminis
926 2194 1051 2258 forsitan
1084 2212 1146 2257 uon
1180 2194 1338 2256 evasisset.

240 2305 431 2370 Advertimus
460 2303 549 2387 igitur
579 2305 648 2385 quia
678 2303 726 2386 id,
761 2305 842 2386 quod
864 2313 950 2388 turpe
973 2312 1036 2386 cst,
1065 2326 1126 2370 non
1149 2307 1244 2390 possit
1266 2324 1337 2370 esse

239 2420 320 2499 utile,
342 2437 441 2499 neque
464 2436 569 2482 rursus
592 2417 631 2498 id,
654 2419 735 2500 quod
757 2420 916 2485 honestum
939 2413 995 2501 est,'
1017 2421 1139 2501 inutile,
1165 2421 1234 2502 quia
1256 2438 1337 2484 con-

239 2530 309 2614 piex
332 2529 498 2594 honestetis
521 2538 567 2593 est
590 2548 709 2614 semper
731 2533 841 2597 utilitas
864 2541 894 2597 et
918 2534 1050 2599 utilitatis
1072 2534 1223 2597 honestas.

646 2725 817 2796 CAPUT
852 2730 929 2797 XV.

240 2876 331 2930 Relato
355 2876 527 2928 Romanorum
552 2890 678 2944 generoso
703 2877 808 2930 consilio
831 2880 964 2932 maximam
988 2878 1067 2934 inisse
1091 2879 1173 2948 biopsi
1196 2880 1336 2952 honestatis

552 2979 638 3014 curam
656 2980 688 3016 ex
706 2967 760 3016 eius
779 2964 851 3018 iactis
870 2965 1020 3018 declaratur.

328 3095 381 3162 91.
425 3095 618 3158 Memorabile
640 3096 740 3160 ierunt
761 3098 910 3178 rhetores,
937 3099 1018 3180 quod
1040 3098 1102 3164 dux
1123 3101 1334 3182 Romanorum,

242 3229 308 3274 cum
332 3211 369 3276 ad
391 3229 459 3274 eum
481 3209 647 3275 adversarii
668 3213 750 3296 regis
773 3213 906 3278 medicus
928 3215 1076 3292 venisset,
1108 3213 1254 3296 pollicens
1277 3214 1334 3280 da-

241 3331 338 3389 turum
366 3343 401 3388 se
428 3325 495 3408 regi
522 3343 688 3406 venenum,
717 3326 846 3389 mactum
874 3345 941 3390 eum
969 3327 1007 3390 ad
1033 3327 1149 3392 hostem
1177 3328 1333 3392 remiserit

241 3439 278 3502 Et
305 3458 414 3502 revera
443 3439 647 3524 praeclarum,
683 3447 715 3502 ut
745 3441 796 3522 qui
824 3440 941 3503 virtutis
972 3448 1123 3504 certamen
1150 3447 1334 3525 susceperat,

241 3554 334 3617 nollet
354 3552 459 3616 fraude
482 3555 613 3618 vincere.
658 3553 727 3618 Non
750 3554 880 3617 enimin
906 3555 1031 3620 victoria
1058 3554 1243 3618 honestatem
1273 3573 1334 3637 po-

241 3666 348 3746 nebat,
380 3664 434 3729 sed
456 3665 568 3746 ipsam,
600 3666 657 3730 nisi
679 3666 835 3730 honestate
858 3667 1019 3749 quaesitam
1041 3667 1195 3732 victoriam
1218 3674 1333 3750 turpem

242 3779 458 3860 pronuntiabat.

328 3887 379 3957 92.
423 3891 589 3959 Redeamus
620 3893 657 3960 ad
686 3901 821 3962 nostrum
848 3893 976 3981 Moysen
1002 3903 1092 3978 atquc
1117 3896 1155 3961 ad
1178 3894 1335 3978 superiora

245 4043 451 4058 Ἥ

313 4137 341 4200 1)
359 4135 446 4188 Matth.
467 4135 507 4200 14,
527 4136 551 4187 i.
621 4137 650 4200 2)
669 4137 733 4192 Dan.
753 4137 796 4205 13,
814 4137 856 4191 2³.
927 4137 956 4206 ³)
975 4135 1037 4191 ibid.
1055 4137 1099 4188 60.
1119 4212 1121 4216 ¹
