2932 4700
389 361 435 415 Dii
454 359 595 417 orslcns
614 357 840 415 tlttttsuttotttttt
856 357 954 414 LIBER
971 361 989 414 t
1193 361 1235 430 ’Π

6 519 9 528 ’
134 527 254 607 partes,
288 522 426 586 iustitiam
450 529 479 586 el
501 523 744 602 beneficentiam,
773 543 859 604 quam
884 521 1007 586 eandem
1028 519 1235 588 liberalitatem

136 642 166 697 et
188 636 401 720 benignitatem
424 643 548 702 vocent:
585 636 694 702 iustitie
717 637 787 699 mihi
811 635 963 700 excelsior
993 633 1126 715 videtur,
1156 619 1245 700 libe-¹

135 748 239 812 ralitas
263 749 393 832 gratior:
417 749 465 811 illa
488 765 645 812 censuram
669 755 767 828 tenet,
792 748 845 809 iste
868 748 1036 812 bonitatem.

229 859 299 925 131.
345 862 404 927 Sed
427 864 554 944 primurn
579 863 673 944 ipsum
697 861 777 942 quod
793 868 895 943 putnnt
917 862 1086 944 philosophi
1109 863 1237 928 iustitiae

135 955 243 1039 munus
275 975 352 1057 apud
384 993 440 1039 uos
472 975 652 1038 excluditur.
699 975 807 1038 Dicunt
837 976 915 1038 euim
949 976 988 1038 illi
1018 994 1082 1038 eam
1112 977 1236 1058 primam

137 1107 207 1152 esse
230 1089 360 1152 iustitiae
383 1089 525 1168 formam,
557 1096 589 1152 ut
610 1090 719 1153 nemini
743 1090 810 1171 quis
832 1095 957 1168 nocent,
992 1091 1050 1154 uisi
1078 1090 1235 1156 lacessitus

136 1204 261 1278 iuiurie;
294 1202 374 1283 quod
397 1203 545 1286 evangelii
575 1203 751 1265 auctoritate
774 1210 934 1278 vacuatum
967 1203 1043 1265 uult.
1054 1206 1131 1268 enim
1154 1207 1235 1271 scri-

135 1322 240 1398 ptura,
258 1312 288 1399 ¹)
311 1324 343 1378 ut
364 1317 403 1378 sit
426 1315 455 1376 iu
479 1315 566 1378 nobis
590 1316 710 1396 spiritus
733 1315 784 1378 lilii
807 1315 952 1396 hominis,
977 1317 1028 1397 qui
1052 1319 1133 1380 veuit
1156 1337 1233 1382 cou-

137 1431 219 1495 lerre
241 1432 384 1514 gratiam,
407 1449 469 1493 uou
492 1430 606 1493 inferre
630 1432 773 1493 iniuriam.

225 1545 296 1610 132.
341 1544 458 1607 Deinde
481 1544 606 1607 formam
629 1544 757 1607 iustitiae
779 1551 974 1626 putaverunt,
1005 1552 1038 1609 ut
1060 1547 1126 1628 quis
1149 1566 1235 1610 oom-

135 1659 249 1738 muuia,
280 1659 309 1722 id
334 1666 394 1738 est,
425 1657 543 1739 publica
565 1675 621 1738 pro
645 1656 769 1739 publicis
792 1657 917 1736 habeat,
948 1660 1061 1740 privata
1083 1678 1139 1741 pro
1162 1629 1259 1724 suis*

136 1775 182 1837 Ne
198 1775 257 1837 hoc
274 1771 392 1854 quidem
410 1771 573 1834 secuudum
590 1779 740 1852 naturam3
761 1778 867 1836 natura
882 1772 960 1836 euim
984 1773 1080 1836 omnia
1100 1776 1235 1838 omuibus

135 1889 346 1950 incommune
371 1884 512 1967 proludit.
559 1883 609 1950 Sic
633 1887 710 1949 enim
735 1886 808 1950 deus
839 1889 980 1970 generari
1011 1888 1097 1950 iussit
1128 1887 1235 1968 omnia,

135 2007 167 2064 ul
196 2006 302 2081 pestus
333 1999 468 2062 omuibus
503 2001 667 2062 communis
701 2007 784 2063 esset
817 2008 847 2062 et
877 2007 957 2062 terre
993 1997 1071 2062 foret
1106 2001 1235 2063 omnium

136 2113 281 2193 quaedam
315 2113 479 2176 communis
513 2113 679 2193 possessio.
730 2113 842 2175 Natura
873 2113 963 2194 igitur
997 2114 1043 2174 ius
1077 2129 1234 2175 commuue

135 2228 307 2310 generavit,
338 2227 490 2307 usurpatio
521 2227 567 2288 ius
597 2226 668 2288 lecit
696 2227 852 2306 privatmu.
892 2226 965 2312 ¹Qum
999 2226 1029 2286 in
1055 2226 1124 2290 loeo
1154 2227 1236 2290 ciunt

136 2340 287 2423 placuisse
309 2339 434 2417 Stoicis,
470 2357 547 2420 qnae
576 2341 606 2402 in
637 2340 725 2401 terris
754 2339 932 2420 gignentur,
967 2340 1065 2401 omnia
1095 2340 1131 2402 ed
1161 2357 1235 2404 usus
1290 2412 1293 2425 A

137 2455 288 2520 homiuum
311 2455 408 2516 creari
415 2473 424 2529 ;
456 2453 593 2516 homiues
616 2459 714 2526 autem
744 2452 894 2515 hominum
925 2471 1014 2516 causa
1037 2471 1106 2516 esse
1135 2472 1235 2537 gene·
1293 2478 1295 2486 ⁴

137 2574 238 2648 ratos,
262 2574 293 2631 ut
314 2568 372 2650 ipsi
387 2569 472 2630 iuter
494 2583 529 2629 se
552 2566 617 2628 aliis
640 2567 687 2630 alii
711 2565 858 2648 prodesse
880 2567 1004 2648 possint.
1296 2544 1299 2556 ’

228 2679 298 2746 133.
355 2680 440 2743 Unde
475 2680 552 2759 troc,
587 2681 644 2744 uisi
679 2681 716 2743 de
750 2682 861 2744 uostris
893 2680 1046 2762 scripturis
1081 2680 1237 2744 dicendum

138 2795 393 2878 adsumpserunt?
446 2794 570 2876 Moyses
603 2795 680 2856 enim
714 2793 852 2873 scripsit,
889 2794 957 2873 quin
990 2793 1064 2856 dixit
1097 2793 1186 2857 deus:
1203 2789 1236 2877 2)

136 2912 305 2974 Faciamus
328 2909 482 2970 hominem
505 2908 549 2968 ad
572 2905 736 2986 imapinem
758 2913 898 2968 nonnam
914 2913 943 2966 et
957 2906 1126 2968 secondum
1147 2907 1236 2969 cimi-

138 3025 319 3099 litudinem,
343 3029 374 3084 et
395 3020 510 3083 habeut
528 3027 712 3098 potestatem
730 3018 869 3097 piscium
890 3018 989 3080 maris
1011 3026 1040 3080 et
1063 3020 1237 3083 volatilium

139 3139 219 3201 caeli
247 3144 278 3199 et
301 3152 451 3216 pecorum
481 3140 512 3195 et
541 3131 677 3195 omnium
708 3131 880 3211 repentium
908 3149 1004 3209 cuper
1031 3138 1154 3196 terram.
1199 3133 1238 3196 lit

137 3249 233 3314 David
263 3249 317 3310 ait:
334 3244 367 3332 ³)
403 3245 516 3308 Omnia
547 3243 710 3306 subiecisti
740 3243 798 3305 snb
825 3242 961 3322 pedibas
991 3245 1075 3321 cino,
1112 3264 1185 3308 coes
1208 3252 1239 3307 ct

137 3364 233 3426 bones
256 3363 441 3438 aniversae,
472 3361 602 3438 insuper
624 3367 654 3421 ct
671 3377 791 3439 pecora
824 3357 943 3436 campi,
975 3359 1121 3421 volucres
1154 3359 1237 3420 caeli

138 3485 169 3540 ct
185 3478 292 3558 pisces
314 3477 422 3537 maris.
467 3472 549 3556 Ergo
573 3473 669 3535 omnia
692 3471 824 3534 subiecta
840 3487 908 3534 esse
932 3469 1043 3533 homini
1066 3469 1104 3533 de
1125 3472 1236 3537 uostris

139 3588 306 3653 didicerunt
336 3596 366 3651 et
393 3586 463 3649 ideo
496 3591 621 3649 censent
651 3590 774 3667 propter
803 3583 952 3646 homiuem
984 3601 1053 3646 esse
1083 3592 1235 3667 generata.
1274 3617 1282 3673 p

229 3698 299 3766 134.
345 3701 500 3763 Hominem
534 3715 654 3779 quoque
684 3697 812 3761 hominis
843 3713 933 3761 oausn
962 3705 1138 3778 generatum
1168 3716 1237 3763 esse
1275 3693 1279 3771 ξ

138 3818 170 3878 in
190 3815 275 3879 libris
297 3813 395 3897 Moysi
418 3814 584 3896 reperimus
608 3811 725 3876 dicente
749 3812 886 3876 domiuo:
900 3807 933 3893 4)
960 3811 1032 3874 Non
1055 3819 1104 3875 cst
1124 3811 1238 3874 donum
1271 3828 1277 3917 J

1302 2636 1315 2814 R

1313 2815 1318 2915 l

211 4076 240 4146 1)
263 4073 324 4128 luc.
349 4073 377 4141 9,
402 4073 445 4125 56.
546 4072 576 4138 2)
600 4070 692 4124 Genea.
718 4069 743 4137 l,
767 4068 809 4123 26.
914 4069 945 4141 3)
971 4068 1062 4125 Psalm.
1087 4068 1114 4136 8,
1138 4069 1155 4122 Θ
1181 4085 1236 4140 seq.

138 4163 168 4230 4)
186 4159 280 4220 denec
297 4161 324 4228 2,
341 4160 382 4214 18.
539 4173 543 4179 ’
