2976 4706
417 387 462 442 DE
484 387 624 443 orliens
643 385 866 440 ulhtstnotttttt
884 385 980 442 litha
998 387 1039 442 tlt
1215 391 1278 456 197

180 551 268 634 queri
292 549 442 634 flagitium.
486 550 554 613 Non
577 550 679 630 utique
703 548 741 614 de
764 549 872 612 vitibus
895 548 983 625 dicit;
1014 565 1114 632 neque
1137 549 1216 614 enim
1238 549 1277 614 de

181 663 292 725 vitibus
323 679 396 724 cura
418 665 465 723 est
487 658 561 738 deo,
590 677 691 740 nequa
715 658 752 722 de
776 665 897 722 terreno
927 658 1039 744 spatio,
1073 660 1128 724 sed
1151 662 1190 726 de
1212 663 1277 728 iure

181 776 312 855 loquitur
344 781 469 856 patrum.
522 773 619 836 Potuit
653 773 755 852 utique
787 780 818 836 ct
848 773 932 836 aliam
963 774 1081 837 vineam
1114 773 1152 838 de
1181 775 1278 840 vineis

179 889 262 972 regis
285 888 422 968 accipere
445 891 474 947 et
497 885 606 950 amicus
631 901 718 964 esse,
752 885 782 948 in
805 902 866 967 quo
889 904 951 948 non
973 886 1133 952 mediocris
1163 891 1276 954 saeculi

179 1001 266 1064 huius
296 999 405 1062 utilitas
434 1001 581 1063 aestimari
609 1001 704 1080 solat,
733 1000 788 1064 sed
811 1000 892 1082 quod
914 1009 1001 1084 turpe
1024 1009 1104 1082 erat,
1138 1004 1278 1071 iudicavit

180 1133 241 1180 non
272 1113 367 1179 videri
396 1113 469 1176 utile
498 1113 658 1194 maluitque
689 1114 853 1196 periculum
885 1132 953 1178 eum
975 1114 1132 1180 honestate
1165 1120 1277 1199 subire,

179 1246 265 1309 quam
295 1227 447 1290 utilitatem
476 1245 542 1290 curn
574 1226 754 1309 opprobrio,
787 1227 942 1310 vulgarem
974 1229 1128 1294 utilitatem
1156 1231 1276 1314 loquor,

179 1358 240 1402 non
263 1340 359 1420 illam,
381 1341 412 1402 in
431 1319 493 1420 ¹qua
516 1341 603 1404 etiarn
629 1341 792 1403 honestatis
816 1342 910 1424 gratia
934 1349 988 1405 est.

265 1449 316 1516 64.
360 1449 498 1534 Denique
514 1459 543 1516 ct
558 1455 623 1536 ipse
643 1472 699 1518 rex
721 1454 816 1535 potnit
838 1460 1031 1536 extorquere,
1054 1457 1109 1522 sed
1130 1457 1276 1540 inpudens

179 1567 394 1646 arbitrabatur,
425 1567 480 1630 sed
511 1569 644 1632 occisum
675 1568 776 1633 doluit.
821 1569 966 1633 Dominus
996 1588 1117 1653 quoque
1145 1572 1276 1636 mulieris

177 1681 392 1760 inmanitatem,
425 1698 505 1760 quae
526 1681 692 1744 honestatis
723 1683 869 1747 inmemor
890 1690 976 1767 turpe
998 1685 1132 1748 antetulit
1153 1685 1275 1768 luorum,

177 1811 314 1876 congruo
338 1792 484 1875 supplicio
506 1794 694 1876 plectendam
720 1794 911 1859 adnuntiavit.

264 1903 314 1970 65.
360 1906 467 1988 Turpis
497 1907 597 1986 itaque
627 1907 722 1968 omnis
752 1914 799 1970 est
827 1906 918 1970 fraus.
963 1908 1099 1991 Denique
1131 1911 1218 1974 etiam
1244 1913 1275 1975 in

79 1999 80 2002 Ἴ
175 2021 267 2084 rebus
298 2020 406 2083 vilibus
439 2019 633 2082 exsecrabilis
657 2026 711 2096 ,est
740 2027 871 2082 staterae
895 2019 1010 2084 fallacia
1037 2029 1067 2084 et
1089 2021 1276 2088 fraudulenta

176 2150 326 2194 mensura.
370 2131 402 2196 si
425 2131 455 2192 in
479 2131 545 2193 soro
568 2149 669 2192 rerum
699 2132 864 2211 venalium,
897 2133 928 2194 in
950 2151 1006 2196 usu
1029 2137 1275 2200 commerciorum

177 2243 259 2306 lraus
288 2245 438 2325 plectitur,
470 2249 609 2323 potestne
641 2245 917 2326 inreprehensibilis
946 2246 1042 2308 videri
1069 2247 1149 2310 iuter
1177 2249 1276 2314 officia

176 2357 340 2421 virtutum?
385 2356 496 2420 Clamat
522 2358 681 2422 Salomon:
699 2355 730 2443 ¹)
763 2359 889 2422 Pondus
911 2379 1055 2440 mapaum
1076 2370 1108 2424 at
1128 2363 1275 2444 caipaam

175 2480 206 2534 et
227 2491 391 2534 mensurae
413 2471 553 2553 duplices
582 2473 749 2536 inmundae
774 2481 848 2536 sant
869 2494 975 2538 coram
997 2475 1132 2540 domino.
1177 2476 1274 2560 Supra

175 2603 295 2666 quoque
324 2586 380 2648 ait:
404 2582 436 2671 ²)
476 2585 603 2648 Statera
642 2587 787 2648 adultera
825 2586 1018 2652 abominatio
1051 2597 1101 2652 ent
1132 2589 1271 2669 domino,

173 2699 300 2777 pandas
324 2708 425 2762 aatcm
447 2719 576 2780 aepaurn
600 2699 787 2778 acceptabile
811 2707 858 2762 ast
880 2701 936 2762 illi.
1046 2755 1048 2762 .

600 2926 771 2992 CAPUT
804 2927 848 2992 X.

173 3068 213 3122 De
230 3070 319 3122 lraude
337 3072 362 3122 in
381 3071 448 3122 armni
470 3081 600 3124 contractu
623 3073 745 3142 fugienda
762 3089 813 3125 uon
832 3071 914 3127 solum
932 3075 957 3125 ia
974 3073 1079 3142 politico
1097 3075 1153 3127 iure
1172 3083 1271 3128 cautum

174 3172 246 3222 osae,
273 3171 361 3210 verum
389 3160 465 3210 etiam
491 3159 516 3208 ia
542 3159 620 3210 sacris
647 3158 753 3224 litteris,
780 3167 809 3212 ut
832 3158 906 3214 losue
929 3177 960 3212 ao
978 3160 1175 3213 Gabaonitarmu
1201 3170 1273 3230 patet

659 3246 785 3314 exemplo.

261 3376 311 3443 66.
355 3379 387 3440 ln
412 3380 549 3443 omnihus
582 3381 673 3464 igitur
699 3382 812 3446 deeora
841 3388 888 3444 est
912 3381 1006 3461 fides,
1037 3382 1145 3446 iustitia
1174 3388 1269 3466 grata,

172 3512 310 3558 mensura
334 3495 491 3575 aequitatis
512 3495 649 3558 iucunda.
689 3496 765 3571 Quid
781 3503 879 3560 autern
892 3495 1000 3577 loquar
1016 3494 1053 3558 de
1069 3496 1268 3559 contractibus

171 3609 280 3671 ceteris
303 3627 339 3672 ac
362 3610 488 3672 maxime
512 3607 549 3671 de
573 3612 760 3692 coemptione
789 3610 979 3692 praediorum
1009 3610 1058 3672 vel
1087 3611 1267 3674 transactio-

172 3722 258 3784 nibus
292 3729 379 3804 atque
412 3725 531 3804 pactis?
587 3725 695 3788 Nonne
729 3725 875 3788 lormulae
910 3733 996 3804 sunt,
1030 3723 1130 3788 dolum
1161 3724 1268 3789 malma

173 3833 279 3896 abesse
303 3856 439 3916 eumque,
464 3841 547 3902 cuius
565 3839 650 3902 dolus
671 3839 761 3903 fuerit
783 3838 998 3922 deprehensus,
1022 3839 1130 3920 duplici
1151 3857 1268 3922 poenae

174 3946 334 4008 obnoxium
357 3948 450 4012 lore?
495 3951 609 4033 Ubique
635 3951 725 4036 igitur
754 3953 917 4016 honestatis
948 3951 1167 4035 praeponderat
1189 3971 1267 4016 con-

182 4097 382 4112 ——2—.—-.

243 4198 270 4265 1)
289 4195 361 4252 Prov.
383 4197 426 4265 20,
447 4201 486 4253 lo,
558 4205 585 4268 2)
605 4202 679 4258 Prov.
700 4202 742 4269 11,
764 4204 786 4256 1.
