2976 4706
440 351 486 408 ΒΕ
505 351 641 410 omont
658 351 884 412 mmohllll
900 351 1033 412 tutat
1220 359 1283 428 10³

189 515 354 600 mguehat,
385 515 442 580 nisi
473 533 556 580 amor
579 514 763 594 devotionis3
795 521 892 580 tamen
915 522 945 580 et
966 517 1032 598 ipso
1054 525 1123 602 post
1144 517 1283 602 triduum,

191 647 259 692 cum
288 630 388 694 inluso
422 637 551 713 tyranno
585 631 731 714 inpositus
762 647 854 714 super
887 633 1058 696 craticulam
1091 641 1283 698 exureretur:

189 739 304 804 Assum
326 749 382 820 eet,
406 741 509 824 inquit,
532 761 625 806 cereo
646 750 677 806 ct
698 745 863 807 manduco.
908 743 950 808 lta
971 746 1081 810 virturis
1103 747 1190 811 animi
1212 748 1284 812 vin·

190 854 277 918 cahat
298 855 376 936 ignis
398 861 539 922 naturam.

580 1090 755 1160 CAPUT
788 1093 893 1160 XLII.

278 1254 421 1310 Potastatcs
439 1272 490 1309 non
508 1258 660 1324 inritandas,
679 1274 763 1329 nequa
783 1259 921 1314 adulationi
939 1261 1099 1329 praebendas
1117 1275 1198 1315 aures.

278 1415 351 1481 208.
397 1418 567 1484 Cavendum
584 1421 671 1484 etiarn
686 1438 767 1500 reor,
791 1439 840 1503 ne,
858 1423 926 1487 dum
950 1422 1039 1504 aliqui
1061 1422 1149 1486 nimia
1171 1423 1287 1506 gloriae

191 1527 341 1592 ducuntur
363 1529 537 1612 cupiditate,
570 1533 747 1596 insolentius
770 1535 926 1600 abutantur
948 1536 1143 1618 potestatibus
1167 1543 1197 1600 et
1219 1539 1286 1620 ple-

190 1660 316 1723 rumque
340 1661 466 1709 aversos
497 1664 514 1708 a
545 1647 632 1710 nobis
660 1646 775 1711 animos
805 1650 959 1733 gentilium
989 1650 1020 1714 in
1050 1648 1146 1714 studia
1177 1669 1287 1734 perse·

190 1757 317 1820 cottonis
345 1757 476 1823 excitant
506 1767 595 1842 atque
625 1760 804 1826 inflamment
825 1762 863 1826 ad
885 1763 1076 1827 iracundiam.
1120 1764 1224 1846 ltaque
1256 1771 1289 1829 ut

190 1869 232 1933 illi
264 1887 463 1952 perseverare
492 1874 609 1954 possint
631 1879 661 1936 et
683 1874 827 1956 supplicia
857 1877 1000 1955 vincere,
1030 1881 1158 1957 quantam
1187 1877 1288 1958 perire

190 1981 326 2048 iaciunt?

278 2094 350 2162 209.
395 2097 637 2181 Prospicieudum
660 2099 805 2162 etiamne
828 2098 1014 2163 adulantibus
1037 2099 1204 2180 aperiamus
1228 2119 1287 2165 au·
1343 2059 1345 2066 >

192 2229 272 2292 rem;
296 2212 424 2276 emolliri
445 2213 523 2275 enim
546 2210 715 2276 adulatione
730 2217 799 2289 non‘¹
812 2213 908 2276 solum
932 2210 1111 2276 tortitudinis
1125 2231 1186 2278 non
1207 2232 1287 2296 esse,

193 2325 246 2390 sed
271 2327 357 2390 etiam
380 2326 518 2410 ignaviae
540 2323 665 2390 videtur.

575 2604 902 2702 caroenum.

192 2773 232 2827 De
251 2774 417 2844 temperantia
437 2781 464 2824 et
481 2774 624 2842 praecipuis
643 2774 698 2826 eius
716 2771 844 2840 partibus,
870 2772 984 2824 nimirum
1005 2772 1083 2824 animi
1106 2771 1289 2842 tranquillitate

305 2878 335 2912 ac
354 2860 544 2926 moderatione,
565 2860 703 2912 honestatis
722 2876 781 2912 cura
800 2868 826 2911 et
844 2860 945 2913 decoris
964 2859 1174 2912 consideratione.

280 3021 353 3089 210.
399 3023 546 3098 Quoniam
579 3022 616 3084 de
647 3023 741 3085 tribus
770 3021 925 3086 virtutibus
960 3020 1104 3100 diximus,
1137 3026 1229 3084 restat
1257 3029 1290 3086 ut

192 3134 230 3198 de
253 3141 357 3218 quarta
380 3136 489 3199 virtute
512 3135 661 3213 dicamus,
685 3151 762 3213 quae
785 3133 979 3215 temperantia
1002 3153 1040 3196 ac
1059 3134 1206 3198 modestia
1229 3153 1288 3197 vo-

192 3257 291 3315 catur:
321 3251 352 3313 in
374 3267 432 3330 qua
455 3251 581 3312 maxime
602 3248 797 3330 tranquillitas
821 3248 925 3326 animi,
957 3246 1085 3310 studium
1112 3255 1289 3312 mansuetu-

193 3364 286 3447 dinis,
309 3362 522 3428 moderationis
544 3364 656 3446 gratia‚
689 3363 807 3426 honesti
829 3378 917 3440 cura,
942 3359 1063 3424 decoris
1085 3361 1286 3426 consideratio

194 3485 345 3560 spectatur
367 3485 399 3541 et
420 3477 579 3559 quaeritur.

281 3588 354 3655 211.
400 3591 483 3655 Ordo
513 3591 604 3674 igitur
635 3587 751 3671 quidam
774 3588 854 3651 vitae
876 3585 963 3650 nobis
994 3584 1139 3650 tenendus
1163 3592 1226 3668 est,
1257 3595 1290 3652 ut

193 3705 412 3770 averecundia
430 3705 523 3788 prima
544 3704 689 3786 quaedam
712 3702 901 3768 fundamenta
925 3699 1086 3778 ducantur,
1110 3718 1187 3782 quaa
1206 3702 1289 3766 socia

193 3840 229 3884 ac
260 3820 410 3884 familiaris
444 3825 490 3882 est
519 3818 624 3881 mentis
658 3815 834 3900 placiditati,
866 3814 1037 3899 proterviae
1072 3815 1218 3897 fugitans,
1252 3818 1288 3880 ab

194 3936 274 4000 omui
292 3935 388 3998 aliena
406 3933 495 4012 luxu,
517 3931 708 4024 sobrictatem
729 3929 842 4014 diligit,
864 3929 1049 3994 honestatem
1068 3928 1169 4010 louet,
1192 3929 1289 3995 deco·

193 4067 259 4126 rum
281 4047 353 4111 illud
374 4047 508 4128 requirit.

281 4159 354 4232 212,
378 4241 381 4246 ,
398 4160 545 4252 Sequatur
561 4159 798 4252 conversationis
814 4159 933 4247 electio,
950 4165 983 4228 ut
997 4157 1191 4249 adiungantur
1209 4176 1288 4249 pro-
