2966 4708
596 341 630 395 ιιι
651 335 823 425 reunitum.
1196 345 1258 410 239
1312 412 1314 421 Ι

162 519 210 570 ae,
238 501 307 572 qnod
325 499 447 554 exhibent
466 501 543 553 etiem
562 498 637 552 DEF.
674 498 725 552 Pro
741 503 840 553 vooolte
858 511 905 556 eut
922 483 967 555 eui
985 501 1011 551 in
1030 498 1050 552 Β
1068 499 1146 553 emit
1164 499 1258 554 ibidem

163 606 183 642 r.
201 606 235 642 m.
255 605 331 658 enpra
350 605 398 642 ιιι.
418 587 550 641 adnotavit
567 597 599 642 at.
612 605 620 614 ·
635 586 663 638 ln
681 601 752 657 xeqq.
774 586 842 640 idem
861 587 925 639 liber
945 586 1034 638 toribit
1055 603 1086 640 aa
1109 589 1188 641 1111111
1210 605 1258 655 pru

159 681 210 730 teli
225 679 328 747 aepatlo
347 693 416 730 eree.
458 676 485 727 Β.
510 679 686 743 tepet-morant
704 674 736 727 Α.
773 673 812 726 De
836 691 885 744 que
912 675 1035 741 scripture
1060 674 1111 726 riti.
1137 677 1257 744 Waptter.

162 764 195 818 tle
214 764 328 831 ombogr.
348 762 444 831 Vergil.
463 778 489 830 p.
509 762 569 814 ttt.
606 759 681 814 Geni.
699 761 731 812 ed
750 765 775 828 §.
796 762 840 827 23,
858 762 884 814 3.

229 853 258 916 s.
278 851 321 902 23.
359 849 383 900 1.
404 866 465 903 eam
482 863 530 916 pro
549 863 628 918 paam
645 845 766 899 locun.
786 846 889 900 Amerb.
907 845 1006 900 Dromo.
1025 843 1106 911 com,
1128 848 1188 900 item
1206 846 1226 900 Β
1243 863 1258 900 a

162 953 183 989 r.
202 953 236 988 m.
254 949 330 1004 enprt
348 934 390 987 lin.
427 936 604 989 Mediolanum
627 940 770 984 correctum
795 941 834 985 eet
858 947 873 984 e
897 936 1086 990 mediolanium
1109 935 1156 1001 (ile
1174 933 1207 998 Β)
1233 935 1259 985 in

162 1021 219 1088 ΑΒ,
232 1031 259 1074 ut
271 1023 372 1089 pneeitn.
398 1019 459 1072 Turn
471 1022 615 1075 numitor
626 1019 731 1071 Amerb.
744 1018 844 1071 Ernem.
858 1016 938 1084 Coit,
951 1031 1128 1076 averteretur
1138 1020 1258 1085 ΔΒΒΒΒ,

99 1137 102 1142 ·
161 1111 320 1163 noertletet
343 1105 372 1160 G.
416 1107 442 1160 3.
465 1110 616 1176 inpmlore
640 1104 668 1163 0.
706 1103 779 1158 Geni.
804 1121 879 1174 euprn
904 1106 1031 1162 adnotata.
1072 1109 1098 1160 t.
1121 1111 1260 1178 proposuit

162 1209 210 1262 pro
228 1197 379 1249 introduxit
397 1191 425 1246 G.
462 1193 520 1246 Ιοι
541 1195 731 1264 imparatorea
752 1209 784 1246 m.
803 1209 857 1260 pn,
884 1193 917 1246 eb
936 1210 957 1245 r.
976 1196 1137 1264 inperator?
1152 1194 1183 1247 tt.
1221 1194 1285 1263 De·

162 1299 192 1336 re
216 1281 266 1335 vid.
290 1281 371 1350 Epiet.
391 1279 440 1333 XL.
463 1283 489 1346 §.
507 1279 551 1332 22.
588 1281 614 1333 l.
639 1284 687 1334 titi
710 1295 760 1332 om.
785 1278 814 1334 C.
850 1283 875 1333 5.
900 1285 949 1335 titi
972 1300 1019 1351 epa
1042 1280 1131 1332 ecrihit
1154 1281 1189 1332 id.
1214 1280 1259 1338 lib.

163 1362 244 1422 Demt
268 1371 317 1423 titi
340 1383 382 1435 ep.
406 1365 511 1420 Amori.
536 1374 562 1418 et
584 1363 682 1418 Emem.
717 1365 743 1418 6.
767 1377 911 1436 praeerat
935 1366 1016 1436 (vulp.
1038 1368 1260 1438 praeparauerat)

163 1459 261 1511 reetitui
279 1455 404 1508 excedo.
425 1462 451 1504 et
469 1453 510 1506 etl.
530 1453 596 1505 tted.
630 1451 732 1505 Verbee
751 1469 797 1522 epo
815 1456 953 1508 inimieum
970 1465 1046 1510 tuum
1063 1458 1092 1510 in
1108 1463 1260 1524 poteetatem

162 1553 235 1599 tune
251 1546 341 1614 rodopa·
358 1541 534 1594 desiderantur
552 1540 578 1590 in
594 1536 645 1591 BD.
680 1537 741 1591 Poet
758 1542 819 1597 ledi
834 1542 858 1592 Δ
876 1543 958 1592 stetim
977 1540 1081 1594 exhibet
1098 1544 1261 1611 triumphare

162 1634 222 1685 aitte
244 1634 333 1684 letare
356 1631 410 1700 {eei
431 1626 589 1680 intermediis
614 1628 722 1678 omittis.
760 1625 877 1680 Ceterum
900 1630 930 1681 in
951 1638 1080 1698 poleetate
1102 1639 1149 1682 tua
1171 1631 1262 1698 redepi

163 1733 297 1786 perperam
313 1717 408 1784 legitor
425 1729 467 1783 ep.
487 1712 591 1767 Amerb.
611 1722 638 1766 et
655 1713 754 1766 Ereetn.
793 1715 817 1767 ⁷.
838 1713 889 1767 Pro
907 1719 997 1786 realepi
1014 1715 1134 1788 eoribitpr
1153 1717 1212 1772 dett
1235 1715 1260 1766 in

163 1803 238 1856 DBF.
275 1805 301 1855 8.
325 1817 373 1873 epo
395 1811 420 1857 te
441 1805 503 1856 eine
526 1805 616 1857 letare
638 1806 693 1872 feei
716 1805 880 1871 triumphare
902 1801 1051 1856 exhibeto.
1088 1803 1113 1855 9.
1138 1806 1194 1858 mio
1211 1817 1260 1869 pro

162 1893 230 1944 ateio
247 1891 332 1958 inepte
351 1887 380 1941 Β.
417 1889 445 1942 ln
463 1906 536 1959 eeqq.
556 1893 588 1944 le
610 1895 710 1945 exedra
734 1891 826 1958 (liner.
848 1899 875 1941 et
893 1891 958 1944 Gttt.
980 1895 1013 1945 tie
1029 1890 1158 1959 eoletlra)
1177 1907 1199 1944 e.
1218 1890 1260 1942 ed.

162 1975 230 2029 lled.
249 1975 344 2028 hebent
362 1976 436 2030 codd.
456 1992 559 2042 omnes,
579 1980 707 2032 exedram
723 1977 826 2029 Amerb.
847 1985 873 2029 et
889 1975 1005 2042 limem,
1028 1979 1173 2032 emmeant
1191 1975 1261 2029 cose.

163 2064 221 2117 llox
243 2051 300 2136 :Ep-e
322 2079 368 2131 pro
393 2067 514 2131 opiooape
538 2063 568 2136 Α.
605 2061 766 2130 11111.“Βρ111.
785 2063 847 2116 xit.
871 2064 904 2116 ed
928 2079 1050 2116 sororem.
1076 2065 1104 2130 ς.
1119 2064 1153 2116 27
1172 2071 1199 2116 et
1216 2064 1259 2116 28.

165 2153 206 2206 12.
224 2156 340 2207 loeutum
359 2151 433 2203 codd.
453 2159 478 2203 et
496 2151 555 2203 edd.
575 2153 688 2217 exceptis
707 2148 786 2202 Maur.
807 2160 883 2220 etque
901 2149 983 2216 etth..
1004 2152 1031 2202 in
1049 2149 1139 2219 quibua
1157 2158 1197 2202 est
1215 2153 1259 2204 ln-

164 2248 282 2307 pttatum.
317 2237 383 2290 Dein
401 2239 544 2308 imperator·
562 2240 600 2291 ait
620 2234 655 2302 0,
682 2237 707 2288 in
726 2253 799 2306 seqq.
814 2253 843 2294 ,v.
861 2241 947 2307 inquit
967 2252 1018 2289 non
1036 2238 1163 2290 omittens.
1198 2236 1261 2288 'lum

163 2341 195 2379 re
211 2341 276 2380 ema
291 2323 435 2376 dieiunotim
454 2321 495 2374 etl.
511 2321 576 2376 tien.
614 2322 655 2375 11.
673 2332 736 2377 tuae
752 2339 801 2390 pro
819 2327 847 2376 iro
866 2320 981 2392 tompore
997 2319 1027 2374 Β.
1066 2323 1107 2376 tt.
1125 2326 1262 2380 valiacum

164 2414 267 2482 puidam
285 2413 362 2464 aliter
379 2413 445 2464 milti
462 2413 590 2481 apartium
609 2419 650 2464 oet
667 2408 697 2461 G.
737 2409 776 2464 18.
796 2413 871 2477 tltlem
888 2428 967 2466 tuam
985 2408 1013 2464 Β.
1051 2410 1091 2462 19.
1111 2414 1179 2466 illud
1196 2404 1262 2462 F'et

163 2499 200 2566 D,
228 2501 255 2552 in
278 2513 387 2568 quornm
412 2500 554 2566 poeleriore
573 2515 593 2549 r.
616 2513 649 2550 m.
668 2496 765 2549 eddidit
782 2501 806 2552 ti.
843 2497 920 2549 vern.
939 2500 1030 2555 letare
1048 2497 1105 2550 eod.
1124 2496 1146 2548 D
1165 2499 1190 2549 in
1210 2513 1260 2566 mg.

103 2595 108 2601 ’
163 2585 274 2655 eupplet.
310 2587 427 2640 Proxime
441 2604 507 2657 erpo
525 2603 573 2655 ape
590 2584 666 2637 DEF.
703 2583 765 2636 'lum
788 2589 863 2654 tidem
881 2595 953 2639 tuam
971 2584 999 2638 Β.
1035 2587 1061 2638 t.
1081 2583 1113 2635 eb
1132 2595 1195 2638 extr.
1213 2603 1262 2656 apo
1361 2651 1363 2656 Ι

163 2673 193 2726 Β.
229 2674 295 2728 Dein
316 2679 393 2744 fidene
417 2689 502 2728 meam
524 2671 554 2724 Β.
595 2671 624 2726 t.
642 2689 695 2742 eeq.
723 2671 798 2736 Quod
825 2674 852 2724 in
878 2673 996 2726 omnibus
1022 2672 1076 2724 lere
1103 2671 1177 2724 editis
1203 2680 1262 2724 ente

163 2779 281 2818 aemam
299 2761 406 2814 inierint
423 2764 487 2825 iarn,
506 2767 595 2828 utpote
613 2762 733 2812 omieeom
751 2761 776 2812 in
795 2759 870 2812 codd.
891 2767 918 2812 et
936 2759 977 2812 ot.
992 2758 1068 2825 rtet,
1087 2758 1261 2812 exterminavi.

159 2851 252 2903 81111111
272 2866 294 2900 c.
315 2848 392 2901 codd.
404 2846 471 2899 Aac
488 2849 577 2914 scripsi
594 2851 715 2918 perpotet
735 2877 763 2884 -
785 2851 876 2901 diuina
895 2847 1021 2915 eupaterio
1039 2849 1187 2909 caleti-aret
1206 2843 1261 2897 reli.

163 2937 222 2990 linri
241 2953 263 2989 c.
282 2936 323 2988 eti
343 2934 410 2988 lletl.
430 2934 550 2991 exhibent
567 2937 653 3004 perplt
671 2961 702 2972 -
724 2962 758 2974 -
778 2938 870 2989 eeletr.
907 2932 981 3000 Vulg.
1001 2933 1093 3001 legitur
1107 2937 1209 3004 pereplt
1229 2962 1259 2970 -

163 3027 299 3094 repetem
335 3020 414 3074 Prulo
432 3029 491 3089 poet
509 3035 557 3089 pro
575 3024 666 3076 ialeat
682 3005 781 3074 restitui
798 3025 926 3076 tabuerat
944 3036 959 3072 e
978 3020 1052 3074 oodti
1072 3019 1157 3073 eled.
1177 3020 1243 3074 lled.

267 3158 296 3212 P.
318 3159 359 3214 13.

235 3265 258 3317 t.
279 3269 310 3320 a
327 3267 420 3322 mem
438 3263 535 3332 namo]
560 3263 615 3316 vu.
634 3263 715 3332 Epist.
733 3262 794 3316 xer.
817 3266 842 3328 t·
856 3241 875 3313 ἰ
896 3279 968 3334 seqq.
1003 3263 1069 3316 oen
1092 3265 1201 3316 teme.
1220 3259 1261 3313 cr

179 3389 187 3406 .
241 3351 289 3403 .ii
326 3390 333 3404 .
755 3369 760 3376 ·

164 3370 179 3406 ⁰
207 3352 259 3506 θἀς.
277 3352 341 3492 23²¹
359 3439 382 3490 l.
400 3437 456 3490 Vox
474 3454 558 3494 oauaa
576 3413 649 3491 tleeet
667 3440 693 3491 in
712 3437 739 3490 0.
775 3438 800 3490 2.
819 3439 955 3492 tribulatio
973 3439 1108 3490 eueeeostt
1129 3439 1263 3491 eoamloti

165 3525 238 3580 DDF.
276 3523 384 3600 Quaxde
402 3540 431 3576 re
450 3527 566 3593 exposuit
583 3517 744 3597 Amiroeit'et
761 3522 842 3591 Epist.
855 3520 894 3572 tt.
914 3520 968 3588 §.6
986 3537 1060 3590 seqq.
1097 3521 1173 3572 2-3.
1193 3539 1258 3592 rep·
1343 3577 1349 3588 ,

162 3616 277 3680 perimet
294 3610 323 3664 Β.
360 3611 418 3664 linx
436 3617 579 3682 imperator
595 3616 639 3666 illi
656 3610 731 3664 DEF.
767 3611 792 3661 6.
811 3613 900 3679 plodio
919 3612 1016 3664 civitae
1034 3618 1075 3662 eet
1094 3611 1189 3662 clouatn
1213 3623 1259 3660 ex·

163 3696 331 3750 hibent-editi
349 3714 437 3751 omnen
455 3706 561 3766 excepto
580 3697 664 3762 lletl.¹
691 3699 717 3748 in
735 3711 802 3766 quo,
830 3703 857 3748 ut
874 3697 900 3746 in
923 3694 997 3746 codd.
1016 3692 1143 3759 ΑΒΒΒΒ,
1170 3697 1260 3765 plodio

165 3783 254 3848 deeet3
272 3789 340 3856 plait.
360 3796 401 3855 eet
419 3789 493 3841 oieit.
511 3787 607 3840 donata
624 3783 714 3854 peribit
731 3783 759 3836 C.
795 3781 856 3835 Post
874 3784 971 3838 aieitae
990 3783 1014 3832 in
1033 3781 1053 3833 Β
1071 3797 1092 3834 r.
1112 3797 1143 3833 m.
1162 3780 1262 3833 eddidit

164 3875 221 3936 eie,
248 3873 316 3940 qnod
339 3874 450 3942 gloeemn
477 3873 584 3942 redolet
619 3876 752 3926 Damoeta
774 3880 815 3926 eat
838 3885 885 3939 pro
903 3872 1000 3924 laetata
1017 3855 1058 3924 eet
1075 3868 1168 3936 legitur
1186 3869 1211 3918 in
1229 3866 1259 3932 Β,

164 3960 304 4025 dampnata
321 3971 362 4014 eet
380 3961 405 4011 in
424 3961 475 4014 DF.
513 3960 631 4014 Ceterum
651 3964 748 4016 mnata
764 3959 789 4011 h.
807 3958 825 4010 l.
849 3958 917 4010 idem
941 3956 1080 4026 significet,
1107 3955 1177 4024 quod
1199 3959 1261 4010 tiata

164 4061 204 4112 vet
224 4064 328 4116 tettan.
364 4063 426 4117 roo
441 4069 591 4137 eampo
607 4067 634 4118 in
652 4063 672 4116 e
689 4079 711 4116 r.
729 4079 762 4116 n.
780 4061 879 4122 ιιιιιιι
901 4071 980 4130 tate,
1009 4035 1167 4144 ingemas
1190 4059 1262 4130 (exp

164 4167 179 4200 ιι
202 4166 224 4200 r.
244 4166 276 4200 m.
299 4158 438 4218 superior.)
462 4153 539 4206 hebet
556 4153 589 4206 lt.
625 4151 711 4204 Voluit
736 4150 854 4204 libratim
878 4151 1026 4218 inmmrpti
1049 4165 1066 4202 a
1089 4147 1163 4214 (1.1.
1187 4156 1259 4208 aunt,
