2980 4700
693 340 719 396 S.
737 339 893 396 mansu

612 534 785 602 CAPUT
813 535 974 603 XXXVI.

245 696 410 750 Fortitudinis
427 698 539 751 cilicium
557 699 625 752 aliud
644 716 710 768 esse,
729 709 757 753 ut
774 703 888 754 iniuriam
905 719 920 754 a
937 701 1057 753 debiliori
1076 699 1249 768 depellamus;
1268 701 1343 767 aliud,

245 791 271 834 ut
285 797 333 834 uou
347 793 431 836 rectos
450 785 527 836 animi
544 794 627 837 motus
646 803 825 852 coerceamus3
844 788 910 839 aliud
931 788 1032 839 demum
1053 796 1114 854 tum,
1136 797 1162 840 ut
1180 805 1344 858 aspernemur

245 869 359 937 bomilia,
377 880 429 922 tuur
447 879 475 922 ut
493 871 598 925 honesta
617 873 725 926 infracto
745 877 828 926 aniruo
846 891 1037 944 prosequamur.
1075 875 1147 939 Quae
1165 876 1197 928 ab
1216 878 1344 930 universis

245 957 346 1025 quidem
366 957 527 1026 Christianis,
553 961 598 1014 scd
616 962 775 1028 potissimum
794 961 825 1013 ab
845 962 1024 1015 ecelesiasticis
1044 964 1104 1016 viris
1122 964 1275 1031 'praestanda
1295 963 1343 1016 de-

702 1057 880 1102 monstrantur.

335 1186 405 1254 179.
451 1189 519 1252 Non
542 1191 632 1272 igitur
654 1190 684 1251 in
706 1191 819 1254 viribus
854 1192 991 1272 corporis
1015 1197 1046 1252 et
1066 1191 1188 1256 lacertis
1211 1197 1343 1254 tantum·-

244 1301 334 1366 modo
358 1303 538 1366 fortitudinis
560 1303 657 1386 gloria
679 1311 734 1382 est,
757 1304 811 1367 sed
831 1305 926 1386 inagis
942 1305 972 1366 in
987 1304 1097 1366 virtute
1116 1305 1204 1366 animi
1211 1326 1221 1381 3
1243 1321 1343 1384 neque

242 1415 273 1478 iu
296 1415 468 1496 inferenda,
499 1417 605 1480 sedin
628 1416 804 1498 depellenda
833 1418 939 1482 iniuria
969 1418 1020 1480 lex
1043 1419 1160 1480 virtutis
1184 1423 1236 1479 est.
1285 1417 1342 1491 Qui

244 1529 322 1590 enirn
344 1546 406 1591 non
428 1531 578 1610 repellite
594 1531 679 1593 socio
702 1532 848 1610 iniuriam,
872 1532 898 1593 si
920 1536 1037 1612 potest,
1060 1537 1119 1592 tam
1142 1535 1188 1592 est
1206 1530 1236 1592 in
1258 1531 1342 1608 vitio,

147 1635 165 1662 ‘⁰'
244 1659 331 1722 quam
353 1641 424 1722 ille,
455 1645 505 1723 qui
528 1643 605 1708 iacit.
651 1643 736 1707 Unde
758 1649 879 1708 sanetus
903 1644 1026 1727 Moyses
1049 1645 1118 1706 binc
1143 1643 1226 1724 prius
1253 1659 1342 1706 orsus

244 1760 290 1817 est
311 1759 518 1834 temptamenta
545 1755 669 1819 bellicae
702 1755 908 1818 fortitudinis«
938 1754 1012 1817 Nam
1035 1773 1101 1818 curu
1128 1756 1254 1819 vidisset
1276 1756 1342 1819 lle-

242 1869 364 1930 braeum
395 1869 430 1931 ab
454 1867 605 1950 Aegyptio
635 1867 770 1930 iniuriam
804 1866 1019 1947 accipientem,
1056 1864 1189 1930 defendit
1218 1856 1276 1946 ita,
1311 1873 1343 1930 ut

242 1980 423 2065 Aegyptium
445 1985 594 2043 sterneret
610 1986 699 2061 atque
715 1980 744 2042 iu
763 1980 876 2042 harena
898 1978 1107 2056 absconderet.
1125 1977 1156 2062 ¹)
1201 1979 1341 2045 Salomon

242 2111 363 2175 quoque
386 2094 440 2155 ait:
458 2090 490 2176 Ι1)
514 2093 610 2172 Eripe
634 2078 795 2174 compati
817 2093 942 2154 ducitur
964 2092 1007 2154 od
1029 2099 1164 2155 mortem,

330 2205 402 2270 180.
448 2205 533 2269 Unde
564 2207 654 2290 igitur
684 2207 742 2269 boo
773 2205 820 2269 vel
849 2205 962 2268 Tullius
994 2206 1044 2268 vel
1076 2205 1162 2268 etiam
1184 2205 1340 2270 Panaetius

240 2327 291 2383 aut
320 2321 385 2400 ipse
407 2317 586 2382 Aristoteles
618 2316 842 2395 transtulerint,
870 2323 1005 2398 apertum
1029 2322 1075 2377 est
1097 2316 1177 2378 satis.
1223 2317 1339 2390 Quaru-

241 2446 328 2508 quam
350 2429 438 2490 etiam
461 2429 507 2490 bis
530 2427 647 2489 duobus
669 2427 818 2508 antiquior
845 2427 954 2489 dixerit
976 2426 1045 2488 lob:
1063 2423 1095 2510 ³)
1126 2427 1253 2492 Salvum
1274 2429 1339 2507 feci

237 2559 409 2620 pauperem
441 2539 480 2601 de
501 2558 595 2602 manu
622 2541 760 2618 potentis
785 2549 815 2602 et
833 2541 1003 2620 pupillum,
1038 2542 1088 2603 caii
1118 2545 1245 2606 adiutor
1274 2563 1338 2606 eon

240 2661 328 2731 eret,
357 2653 476 2716 adieci.
520 2652 702 2716 Benedictio
720 2654 857 2733 perituri
880 2654 914 2714 in
935 2671 983 2715 me
1004 2655 1117 2716 ueniet.
1162 2655 1269 2719 Nonne
1290 2657 1338 2719 bio

239 2766 436 2845 fortissimus,
465 2768 516 2847 qui
546 2775 605 2830 tarn
636 2766 755 2830 fortiter
784 2767 905 2848 pertulit
935 2766 1061 2849 impetus
1085 2767 1194 2832 diaboli
1217 2776 1246 2832 et
1268 2770 1339 2833 vicit

241 2899 308 2943 eum
331 2880 442 2942 virtute
473 2880 580 2943 mentis
610 2881 711 2943 suaet
755 2879 861 2961 Neque
891 2897 967 2942 vero
990 2881 1028 2943 de
1051 2881 1116 2944 eius
1147 2880 1337 2946 dubitandum

239 2991 429 3072 fortitudine,
458 2992 507 3054 oui
536 2990 605 3053 dicit
635 2989 787 3054 domiuus:
804 2986 837 3073 ⁴)
867 2988 1001 3072 Accippe
1027 2993 1110 3054 sicet
1136 2995 1186 3054 oir
1216 2993 1336 3056 lumbos

192 3148 196 3154 -
240 3111 325 3182 tuos,
348 3106 473 3183 scsdpe
496 3103 691 3168 altitudinem
706 3105 912 3176 etoirietern3
935 3123 1051 3166 omnem
1075 3112 1176 3168 autem
1198 3106 1335 3170 iniurio-

238 3235 305 3280 cem
327 3217 497 3280 humiliato.
535 3216 700 3297 Apostolus
718 3233 839 3296 quoque
855 3215 909 3277 ait:
925 3211 957 3296 ⁵)
977 3214 1110 3279 Habetis
1128 3196 1337 3292 formatorem

240 3330 496 3395 consolationem.
541 3329 595 3394 Est
617 3347 692 3413 erpo
713 3327 802 3392 fortis
824 3328 875 3408 qui
897 3344 931 3390 se
953 3328 984 3390 in
1006 3328 1113 3392 dolore
1136 3329 1234 3410 aliquo
1258 3346 1335 3394 oon-

238 3443 361 3508 solatur.

329 3553 399 3620 181.
443 3555 480 3618 Et
494 3573 529 3618 re
544 3573 616 3619 vera
631 3558 697 3619 iure
713 3573 749 3618 ea
765 3553 908 3621 tortitudo
931 3547 1072 3633 vocatur,
1095 3554 1215 3636 pando
1237 3573 1334 3620 unus-

239 3669 365 3750 quisque
384 3685 419 3732 se
437 3669 533 3748 ipsum
556 3669 657 3747 vincit,
680 3669 753 3730 iram
777 3668 918 3747 continet,
940 3666 1028 3730 nullis
1052 3667 1212 3731 inlecebris
1235 3668 1334 3732 emol-

237 3783 307 3849 litur
328 3789 418 3866 utque
440 3780 609 3860 inflectitur,
630 3799 691 3845 non
715 3783 851 3847 adversis
874 3780 1073 3864 perturbatur,
1099 3798 1161 3846 nou
1184 3781 1335 3846 extollitur
1353 3768 1357 3773 ’

236 3938 450 3952 *—

308 4046 336 4112 1)
353 4045 434 4100 Exod.
453 4045 480 4113 2,
501 4043 531 4097 11
551 4061 623 4115 seqq.
710 4045 738 4110 2)
757 4043 831 4098 Prov.
850 4044 893 4110 21,
913 4041 953 4098 10.
1043 4042 1072 4109 3)
1085 4043 1144 4116 101.
1164 4043 1208 4111 29,
1228 4042 1262 4096 12
1279 4058 1332 4113 seq.

237 4133 268 4204 1)
286 4132 349 4187 lbid.
368 4133 411 4202 10,
431 4133 456 4188 2.
474 4133 490 4184 5
508 4148 563 4202 seq.
634 4132 663 4200 5)
681 4131 760 4186 llebr.
779 4130 805 4198 6,
824 4129 865 4183 18.
