2976 4706
247 370 311 439 130
697 369 723 423 s.
742 369 897 426 munosu

244 551 300 618 per
329 549 417 615 quem
445 529 504 594 vila
533 537 655 595 aeterua
687 531 859 614 adquiritur.
905 533 971 596 Vita
998 531 1075 597 enim
1107 535 1193 600 beata
1225 536 1339 604 uncus

244 647 458 732 praesentium,
480 645 539 709 vita
562 651 659 710 autem
682 653 804 710 aeoerna
827 665 897 730 spes
920 645 1088 714 luturorum
1111 657 1167 716 est.

333 760 380 829 19.
425 759 461 824 Et
483 765 552 823 sunl
574 767 671 824 tamen
695 759 745 841 qui
769 760 799 822 in
820 760 879 826 boc
901 779 1030 844 corpore
1052 770 1110 828 um
1132 765 1256 848 infirmo,
1279 774 1337 832 um

243 879 342 965 fragili
370 874 573 962 inpossibilem
594 875 684 938 vitam
706 875 822 938 beatam
851 881 972 958 putant,
1005 877 1035 940 in
1058 897 1118 960 quo
1141 899 1268 946 necesse
1292 888 1338 946 est

242 996 329 1078 angi,
351 991 471 1071 dolere,
494 989 670 1074 deplorare,
696 1006 893 1072 aegrescere,
925 991 1009 1072 quasi
1033 1010 1106 1056 vero
1129 1012 1188 1078 ego
1210 995 1240 1058 in
1263 1014 1336 1059 cor·

116 1119 118 1126 “
241 1109 324 1192 poris
353 1105 550 1170 exsultatione
578 1102 672 1166 dmm
706 1103 796 1165 vitam
826 1103 942 1167 beatam
971 1106 1137 1170 consistere
1162 1114 1193 1170 et
1217 1127 1277 1173 non
1305 1110 1336 1172 in

241 1222 393 1286 altitudine
415 1219 594 1302 sapientiae,
629 1217 774 1282 suavitate
804 1219 1023 1300 conscientiae,
1054 1221 1170 1286 uirtutis
1198 1223 1334 1288 sublimi-

241 1343 309 1400 tate.
353 1333 421 1398 Non
452 1334 530 1397 enim
559 1334 589 1396 in
615 1333 756 1415 passione
785 1350 870 1413 esse,
900 1331 955 1396 sed
983 1334 1130 1398 victorem
1162 1355 1231 1400 esse
1260 1357 1334 1420 pas-

240 1449 333 1516 sionis
354 1450 472 1512 bcatum
495 1452 554 1527 est,
578 1463 634 1508 nec
657 1443 753 1528 frangi
775 1445 947 1528 temporalis
970 1451 1051 1510 motu
1073 1447 1194 1514 doloris.

326 1560 376 1628 20.
419 1563 501 1626 l'o'ne
531 1561 669 1624 accidere
697 1559 790 1641 haee,
824 1579 902 1642 quae
934 1563 1037 1646 gravia
1066 1564 1103 1627 ad
1130 1565 1189 1628 vim
1220 1565 1333 1630 doloris

238 1676 391 1757 feruntur,
422 1675 608 1754 caecitatem,
637 1674 790 1754 exsilium,
814 1675 939 1754 famem,
968 1682 1101 1758 stuprum
1123 1679 1217 1760 filiae,
1240 1681 1332 1744 amis·

237 1793 352 1857 sionem
374 1791 544 1853 liberorum.
589 1789 661 1863 Quis
683 1795 775 1873 neget
795 1789 913 1853 beatum
936 1790 1037 1872 lsaac,
1061 1794 1190 1874 quinon
1213 1794 1332 1859 videbat

237 1910 268 1972 in
289 1912 444 1969 senectute
459 1909 490 1966 ct
502 1903 698 1966 beatitudines
720 1904 782 1967 suis
806 1905 1064 1970 benedictionibus
1087 1906 1285 1972 conferebat?
1298 1905 1330 1994 ¹)

236 2022 285 2086 An
305 2039 366 2085 non
390 2021 495 2084 beatus
519 2018 617 2100 laceb,
640 2020 700 2101 qui,
722 2017 870 2101 probugus
891 2019 986 2100 patria
1009 2019 1109 2101 domo,
1129 2024 1330 2088 mercenarius

235 2142 338 2220 pastor
359 2135 495 2200 exsilium
517 2133 664 2215 sustinuit,
687 2133 763 2197 iliae
785 2133 952 2216 pudicitiam
974 2134 1118 2218 ingemuit
1140 2153 1208 2199 esse
1232 2144 1329 2202 teme-

235 2256 344 2329 ratam,
368 2247 474 2311 tarnem
497 2247 639 2330 pertulit?
656 2244 688 2330 π)
733 2246 800 2310 Nou
824 2265 898 2329 ergo
922 2247 999 2310 beati
1025 2266 1151 2328 quorum
1174 2251 1232 2314 lide
1255 2250 1329 2317 deus

236 2363 343 2444 accipit
372 2363 588 2443 testimouium,
623 2379 690 2425 oum
722 2361 843 2423 dicitur:
862 2356 894 2444 ³)
927 2362 1012 2424 Deos
1044 2361 1216 2443 Abrabam,
1251 2367 1328 2430 deas

234 2475 346 2552 lacco,
369 2476 446 2537 deae
468 2474 589 2537 Iacob?
632 2473 741 2536 Misera
764 2475 978 2554 eastervinus,
1002 2475 1137 2539 sednon
1161 2480 1252 2543 miser
1274 2480 1326 2543 lo·

235 2587 327 2670 seph,
342 2583 376 2673 ⁴)
399 2588 488 2650 immo
508 2586 596 2668 plane
619 2587 741 2665 beatus,
769 2604 836 2648 cum
858 2584 994 2650 dominae
1016 2588 1153 2654 libidines
1176 2593 1206 2656 in
1226 2592 1324 2656 servi-

235 2709 297 2766 tute
319 2701 433 2784 positus
462 2707 625 2764 coerceret.
672 2698 749 2774 Ouid
772 2698 809 2761 de
830 2708 933 2763 sancto
956 2702 1050 2765 David
1068 2700 1100 2787 ⁵)
1121 2705 1242 2788 loquer,
1275 2707 1326 2789 qui

234 2817 322 2881 trium
342 2816 468 2880 liliorum
491 2814 656 2898 deploravit
678 2815 790 2878 obitum
813 2821 852 2893 et,
875 2815 955 2897 quod
977 2815 1024 2880 bis
1048 2817 1158 2901 duritas,
1182 2822 1326 2886 incestum

152 2909 156 2914 ⁵
233 2931 336 2994 tiliae?
381 2928 537 3005 Quomodo
570 2948 630 2994 ooo
662 2931 785 3009 beatus,
820 2929 857 2992 de
890 2931 975 2993 cuius
1005 2935 1199 3000 successione
1228 2937 1326 3000 beati-

233 3043 341 3108 tudinis
363 3049 468 3108 auctor
491 3047 613 3106 exorlus
636 3047 690 3123 est,
714 3043 765 3125 qui
787 3041 932 3123 plurimos
948 3041 1018 3106 fecit
1033 3044 1161 3110 beatos?
1189 3047 1281 3111 Beati
1292 3044 1325 3133 6)

233 3159 310 3224 enim
341 3160 395 3240 poi
424 3177 488 3223 ooo
517 3158 662 3222 oidmuat
691 3167 721 3220 et
751 3159 958 3221 crediderant.
1003 3159 1135 3224 Fuerunt
1165 3167 1194 3222 et
1216 3162 1272 3244 ipsi
1294 3163 1325 3225 in

232 3290 323 3338 sensu
345 3273 534 3353 infirmitatis,
567 3273 622 3337 sed
644 3274 819 3348 evaluerunt
842 3273 880 3336 de
903 3272 1068 3338 infirmitate
1099 3275 1201 3339 fortes.
1247 3275 1324 3351 Quid

230 3387 409 3452 laboriosius
440 3393 536 3460 autem
566 3395 669 3452 sancto
696 3387 748 3450 lob
767 3382 797 3470 7)
828 3387 876 3450 vel
899 3388 928 3450 iu
952 3387 1058 3452 domus
1087 3389 1244 3470 incendio,
1274 3389 1325 3454 uel

231 3501 355 3566 filiorum
371 3479 476 3565 deoeu'l⁸
489 3503 608 3567 interitu
623 3509 841 3580 momentaneo,
858 3499 1011 3567 doloribus
1027 3503 1205 3586 corporeis?
1227 3503 1323 3567 Num-

231 3613 302 3697 quid
328 3613 423 3678 minus
453 3616 577 3695 beatas,
610 3633 696 3697 quarn
719 3613 745 3676 si
766 3613 815 3676 illa
845 3631 905 3678 nou
935 3615 1124 3698 pertulisset,
1157 3618 1187 3680 in
1217 3617 1323 3700 quibus

230 3728 326 3812 magis
348 3729 491 3813 probatus
513 3735 567 3794 est.

229 3869 436 3884 m

301 3935 328 4000 1)
348 3933 439 3988 Genea.
464 3935 507 4002 27,
530 3935 553 3987 1.
624 3937 653 4004 2)
671 3935 734 3989 lbid.
754 3935 797 4003 31,
820 3937 832 3988 l
852 3954 908 4009 seq.
926 3947 953 3992 et
970 3938 1013 4006 st,
1032 3939 1045 3990 1
1066 3958 1119 4012 aeq.
1190 3941 1221 4010 3)
1238 3942 1321 3998 llxod.

231 4018 286 4088 3‚s
306 4031 332 4075 et
349 4023 376 4091 1,
393 4021 417 4075 5.
455 4020 486 4075 cl.
505 4021 580 4076 blare.
600 4022 642 4091 12,
660 4023 694 4076 26
713 4032 740 4077 et
757 4023 817 4077 luc.
836 4025 880 4093 20,
899 4025 952 4106 et..
1010 4028 1040 4092 4)
1060 4026 1150 4081 Genea.
1169 4028 1212 4097 39,
1231 4030 1248 4082 8
1265 4047 1319 4100 seq.

231 4106 261 4175 5)
280 4108 305 4162 2.
323 4108 387 4179 lleg.
407 4108 450 4177 13,
468 4107 485 4160 3
504 4117 531 4162 et
549 4107 592 4176 18,
610 4108 652 4163 33.
723 4110 754 4177 6)
773 4109 860 4164 loauu.
879 4109 922 4178 20,
937 4110 978 4164 29.
1050 4111 1081 4181 l)
1099 4112 1152 4168 lob.
1167 4115 1191 4182 1,
1204 4115 1237 4167 14
1248 4131 1319 4186 seqq.

230 4205 257 4250 et
274 4197 300 4264 2,
318 4197 334 4248 l
352 4213 423 4266 seqq.
