2976 4702
398 374 443 427 ott
462 371 600 428 ourtctts
620 371 842 428 lllNlSl'ROllllll
861 373 955 426 LIBER
973 372 1013 426 lll.
1190 381 1253 446 223

163 555 245 618 quam
271 538 322 617 qui
344 537 498 600 amicitiam
529 535 659 598 laeserit.
704 533 788 597 Unde
811 534 840 596 in
862 533 1016 617 proditore
1040 534 1173 600 dominus
1196 538 1254 601 hoc

159 652 367 734 gravissimum
397 651 529 731 invenit,
561 669 620 734 quo
645 651 708 713 eius
732 649 945 712 condemnaret
973 650 1143 732 perfidiam,
1175 651 1254 732 quod

157 766 272 848 gratiae
294 767 390 828 vicem
405 783 466 828 non
482 762 753 845 repraesentaverit
773 767 802 824 et
822 762 965 824 conviviis
988 763 1133 826 amicitiae
1156 783 1254 827 verre-

157 894 227 940 num
250 878 377 940 malitiae
408 876 567 940 miscuerit.
612 874 712 954 ltaque
744 874 787 935 sic
820 875 873 936 ait:
896 871 927 957 ¹)
965 875 1009 936 Tu
1040 895 1132 960 cero„
1166 880 1253 942 lromo

156 993 334 1069 unanimis,
370 993 436 1055 duc
470 1009 554 1053 mens
584 999 613 1052 et
642 998 734 1052 notus
767 1009 869 1066 meus,
903 991 956 1072 qui
989 1009 1108 1073 sempor
1140 1017 1255 1060 mecum

158 1105 265 1169 dulces
289 1108 437 1186 cupiebas
462 1106 567 1169 cibos!
609 1103 673 1168 Hoc
696 1112 759 1183 est,
792 1123 851 1167 non
882 1113 978 1188 potest
1007 1111 1145 1173 sustineri
1167 1112 1253 1193 istud,

160 1219 229 1301 quia
252 1221 397 1284 unanimis
420 1217 555 1301 adpetisti
578 1237 662 1298 eum,
685 1221 733 1299 qui
757 1219 807 1282 tibi
831 1219 992 1284 donaverat
1014 1226 1154 1306 gratiam:
1176 1225 1256 1288 Naro

159 1333 188 1394 si
212 1333 357 1438 inimicus
378 1349 463 1394 meus
487 1331 705 1393 rnuledicissct
725 1331 818 1408 milti,
841 1335 1058 1399 sustinuissem
1081 1340 1206 1419 ntique,·
1222 1337 1255 1424 Ἰ)

160 1451 190 1508 et
212 1449 247 1509 ab
273 1465 331 1526 eo,
362 1447 412 1527 qui
435 1464 483 1508 me
505 1445 627 1523 oderat,
662 1445 876 1508 absconderem
899 1467 955 1510 me.
1000 1451 1137 1515 lnimicus
1170 1455 1256 1517 vitari

160 1567 278 1644 potest,
312 1563 423 1623 amicus
445 1579 506 1624 non
528 1567 645 1643 potest,
675 1561 700 1622 si
724 1560 854 1624 insidiari
877 1563 955 1626 velit.
1000 1563 1082 1628 lllorn
1106 1586 1254 1648 cavemus,

162 1676 211 1738 cui
233 1693 296 1739 non
319 1677 524 1738 committimus
554 1674 675 1738 consilia
705 1683 824 1752 nostra;
857 1677 936 1739 hunc
966 1697 1075 1743 carere
1098 1700 1158 1744 non
1181 1700 1256 1764 pos-

162 1808 284 1868 sumus,
317 1791 365 1853 coi
387 1791 593 1853 commisimus.
637 1789 740 1870 ltaque
763 1790 799 1851 ad
822 1791 1016 1856 acervandam
1039 1797 1153 1875 peccati
1175 1799 1256 1859 invi-

161 1903 240 1966 diam
265 1921 327 1966 non
349 1904 437 1966 dixit:
463 1905 507 1966 l'u
523 1922 614 1983 vero,
638 1923 744 1966 servus
767 1923 867 1985 meus,
899 1909 1052 1989 apostolus
1074 1929 1175 1990 meus,
1202 1911 1256 1973 sed

161 2019 309 2081 unanimis
332 2037 435 2096 meus3
466 2019 524 2081 hoc
547 2024 609 2098 est,
632 2038 692 2082 non
716 2038 816 2100 meus,
846 2021 901 2084 sed
924 2025 1010 2086 etiarn
1033 2029 1100 2086 tuus
1122 2025 1257 2105 proditor

161 2149 212 2211 es,
243 2133 293 2214 qui
315 2133 480 2196 unanimem
502 2131 666 2215 prodidisti.

252 2243 322 2310 138.
368 2247 510 2309 Dominus
534 2247 598 2329 ipse
621 2265 686 2308 cum
710 2248 842 2309 utribus
866 2249 988 2330 regibus
1010 2247 1141 2311 offensus
1165 2257 1256 2329 esset,

163 2363 213 2443 qui
248 2367 351 2424 sancto
382 2360 434 2425 lolr
465 2378 525 2423 non
560 2359 749 2438 detulissent,
781 2360 941 2442 ignoscere
972 2360 1017 2423 his
1047 2382 1101 2444 per
1132 2365 1256 2426 amicum

162 2479 277 2556 maluit,
318 2483 347 2539 ut
381 2476 525 2538 amicitiae
563 2473 734 2557 suffragium
769 2475 906 2539 remissio
939 2476 1025 2540 fieret
1057 2485 1255 2559 peccatorum.

162 2591 266 2674 ltaque
298 2592 417 2673 rogavit
439 2590 490 2654 lolt
508 2585 540 2675 ³)
573 2595 602 2651 et
624 2588 760 2652 dominus
790 2591 913 2674 ignovit.
957 2592 1069 2656 Proluit
1098 2594 1152 2657 illis
1181 2595 1258 2656 ami-

162 2708 250 2786 citia,
273 2706 379 2787 quibus
402 2705 496 2769 obluit
518 2705 683 2769 insolentia.

256 2817 326 2883 139.
371 2820 454 2882 llaec
477 2818 553 2900 apud
577 2835 632 2881 vos
657 2816 799 2898 deposui,
832 2817 896 2896 lilii,
928 2837 1004 2901 quae
1034 2816 1205 2881 custodiatis
1228 2817 1258 2880 in

165 2935 271 2998 animis
299 2935 427 3011 vestris3
462 2952 539 3015 quae
573 2941 669 2995 utrum
702 2931 811 3012 aliquid
844 2932 996 3014 prolectas
1028 2932 1171 3010 habeant,
1203 2949 1258 2994 vos

166 3048 340 3134 probabitis.
378 3047 496 3112 lnterim
520 3049 633 3130 copiam
650 3047 767 3110 multam
792 3049 995 3130 exemplorum
1018 3045 1169 3124 adierunt3
1191 3064 1259 3110 narn

167 3182 263 3246 prope
297 3162 394 3226 omnia
428 3163 570 3226 maiorum
604 3162 758 3242 exempla,
792 3162 916 3244 plurima
950 3179 1068 3243 quoque
1103 3159 1179 3223 dicta
1213 3161 1259 3223 his

168 3279 261 3340 tribus
283 3277 398 3339 inclusa
419 3277 501 3339 libris
525 3283 672 3355 tenentur,
696 3283 736 3355 ut,
761 3279 816 3338 etsi
839 3293 938 3338 sermo
953 3273 1025 3337 nihil
1048 3273 1162 3335 delerat
1185 3289 1259 3355 gra-

169 3392 245 3470 tiae,
269 3391 364 3453 series
387 3398 484 3453 tamen
507 3391 659 3453 vetustatis
683 3390 811 3472 quodam
834 3388 1002 3471 conpendio
1026 3403 1168 3467 expressa
1191 3385 1260 3468 plu-

169 3506 274 3567 rimum
297 3503 498 3568 instructionis
521 3502 664 3567 conferat.

243 3748 274 3816 l]
291 3749 382 3801 Psalm.
401 3748 444 3813 54,
465 3746 505 3799 tt.
577 3745 607 3814 2)
624 3744 686 3798 lbid.
706 3759 731 3796 v.
751 3743 791 3796 13.
862 3744 890 3810 ³)
908 3744 962 3797 lob.
980 3744 1024 3811 42,
1043 3744 1059 3796 7
1077 3759 1148 3813 seqq.

617 3969 813 3982 ——m
