2932 4700
386 337 432 390 DE
451 335 588 430 01111οΠ8
607 337 830 395 fflNiSTRORUbi
847 337 943 394 tmen
961 340 981 396 i.
1183 343 1226 410 45

128 498 223 581 plane
257 498 295 564 de
331 501 415 566 cuius
448 500 538 567 domo
571 521 727 585 numquam
758 521 854 568 vacuo
883 503 950 569 sinu
978 521 1092 586 pauper
1119 503 1227 582 exivit;

126 633 234 696 neque
257 616 334 679 enim
358 617 512 698 quisquam
535 618 629 702 magis
651 619 773 698 boonis,
798 637 885 700 quam
901 621 951 702 qui
970 618 1116 702 intellegit
1137 635 1228 700 super

126 730 275 813 pauperis
309 729 515 794 necessitatem
539 736 570 793 et
591 729 696 794 infirmi
725 736 813 812 aque
844 731 941 813 inopis
972 749 1150 795 aerumnam.
1195 730 1227 793 ln
1276 725 1280 734 ’

129 843 184 907 die
205 843 306 908 iudicii
327 844 446 909 habebit
468 845 590 908 salutem
614 864 630 907 a
655 845 792 924 domino,
822 864 910 927 quem
932 846 1051 911 habebit
1073 863 1146 910 suae
1170 845 1227 908 de-

127 959 261 1022 bitorem
286 956 516 1024 misericordiae.

541 1161 712 1228 CAPUT
747 1162 824 1228 XII.

130 1325 174 1378 Ne
200 1327 257 1395 quis
278 1326 310 1378 ab
334 1326 477 1378 exercenda
503 1325 674 1378 misericordia
696 1333 846 1392 revocetur,
874 1325 1018 1379 ostenditur
1040 1328 1115 1380 deum
1140 1342 1229 1382 curare

133 1423 209 1468 actus
227 1415 371 1481 bominum,
391 1423 418 1467 et
436 1412 577 1483 quemlibet
594 1414 728 1483 inprobum
741 1416 766 1466 in
784 1416 839 1482 ipsa
857 1429 933 1482 opum
953 1413 1089 1468 adfluentia
1108 1418 1228 1468 miserum

428 1518 485 1556 esse
504 1501 559 1554 lobi
577 1503 728 1554 auctoritate
747 1502 941 1556 demonstratur.

222 1642 273 1709 40.
319 1644 378 1710 Sed
409 1645 546 1726 plerique
586 1653 767 1709 revocantur
799 1646 836 1708 ab
871 1645 970 1710 officio
1006 1644 1228 1729 dispensatricis

133 1757 375 1837 misericordiae,
399 1757 466 1821 dnm
490 1765 591 1840 putant
613 1759 739 1824 hominis
762 1767 844 1825 actus
864 1779 924 1824 non
941 1779 1047 1823 curare
1070 1759 1228 1841 dominum,

133 1879 187 1938 aut
209 1874 328 1937 nescire
352 1891 419 1936 eum
443 1873 513 1955 quid
536 1876 565 1936 in
586 1875 709 1938 occultis
732 1893 889 1958 gerannus,
913 1874 984 1956 quid
1006 1880 1104 1937 teneat
1126 1883 1229 1937 nostra

134 1988 328 2066 conscientia,
352 1993 402 2050 aut
417 1987 554 2050 iudicium
571 1987 635 2050 eius
651 2006 836 2069 nequaquam
852 1988 960 2050 iustum
982 1985 1087 2065 videri,
1110 1985 1229 2067 quaudo

133 2109 310 2184 peccatores
326 2101 434 2165 divitiis
450 2101 601 2165 abundare
616 2101 726 2183 vident,
750 2101 884 2186 gaudere
901 2100 1074 2179 honoribus,
1094 2101 1228 2179 sanitate,

133 2217 253 2294 liberis;
287 2223 390 2280 contra
413 2223 510 2280 autem
533 2217 628 2279 iustos
651 2217 757 2298 inopes
786 2214 916 2299 degere,
950 2214 1130 2293 inhonoros,
1163 2214 1229 2276 sine

133 2330 253 2410 liberis,
280 2331 412 2394 infirmos
435 2348 581 2412 corpore,
604 2330 684 2393 tuctu
707 2329 865 2411 frequenti.

222 2443 274 2509 11.
318 2444 383 2508 Neo
405 2444 564 2509 mediocris
587 2464 622 2508 ee
646 2445 797 2525 quaestio,
832 2441 1072 2525 quandoquidem
1102 2446 1163 2504 tres
1189 2440 1230 2503 illi

137 2575 229 2642 reges
246 2558 331 2622 amici
346 2556 397 2621 Iob
414 2565 575 2639 propterea
598 2576 666 2620 eum
689 2564 878 2639 peccatorem
901 2557 1139 2639 pronuntiabant,
1162 2555 1230 2636 quia

135 2673 254 2754 inopem
278 2670 386 2735 iactum
412 2691 451 2734 ex
474 2672 564 2736 divite
594 2673 728 2736 orbatum
751 2673 851 2735 liberis
875 2691 914 2734 ex
937 2669 1066 2733 fecundo
1097 2676 1230 2751 parente,

137 2785 292 2868 perfusum
314 2785 466 2849 ulceribus
498 2785 759 2866 inhorrentemque
787 2785 949 2863 vibicibus,
984 2788 1137 2846 exaratum
1159 2781 1230 2845 vul-

138 2900 260 2964 neribus
283 2920 300 2964 a
321 2899 416 2981 capite
437 2915 533 2980 usque
555 2898 593 2960 ad
615 2898 708 2980 pedes
732 2898 878 2961 videbant.
924 2896 1037 2971 Quibus
1060 2895 1136 2958 banc
1157 2913 1231 2958 san-

138 3019 203 3076 etus
236 3012 287 3074 lob
317 3010 458 3092 proponit
487 3011 713 3073 adsertionem?
732 3006 761 3092 ¹)
795 3009 826 3073 Si
860 3027 919 3093 ego
954 3017 1076 3092 propter
1109 3015 1231 3093 peccata

137 3145 203 3190 meu
231 3126 305 3189 baec
335 3126 448 3206 patior,
479 3143 535 3186 cur·
556 3124 644 3202 impii
672 3123 804 3186 vicunt?
848 3124 1103 3187 lnocterooerunt
1130 3131 1232 3186 nutem

139 3248 169 3302 et
183 3241 217 3302 in
232 3239 351 3302 divitiis
373 3256 477 3301 semen
499 3256 606 3301 eorum
628 3237 797 3298 secuudum
819 3237 1025 3315 uoluntatem,
1046 3238 1231 3316 atticorum

140 3355 174 3415 in
197 3353 313 3430 coactio,
337 3352 445 3416 domus
468 3351 607 3432 ipsorum
629 3349 808 3428 abundant,
832 3350 923 3413 timor
946 3358 1046 3413 nutem
1069 3369 1231 3431 nusquam,

137 3466 291 3550 liupoldum
314 3476 414 3529 nutem
437 3485 457 3527 o
480 3465 605 3528 domiuo
629 3483 693 3528 non
716 3473 762 3528 aot
783 3465 816 3527 in
839 3465 925 3544 ipsis.

227 3578 278 3645 42.
322 3581 402 3644 Haeo
433 3578 537 3642 videns
567 3578 698 3642 infirmus
731 3580 822 3643 eorde
852 3579 1020 3661 exagitatur
1050 3584 1079 3640 et
1102 3576 1230 3640 studium

140 3696 246 3760 avertit
268 3713 362 3759 suum.
408 3694 498 3759 cuius
522 3692 652 3757 dicturus
674 3712 830 3757 sermones
849 3701 918 3756 ante
939 3699 1059 3757 sanctus
1081 3691 1231 3774 praemisit

141 3810 193 3874 lob
216 3808 336 3873 dicens:
351 3807 384 3895 ²)
410 3809 618 3883 Fonteiano,
642 3825 697 3886 epo
721 3815 821 3870 nutem
845 3807 972 3886 loquor,
997 3803 1109 3865 deinde
1131 3802 1231 3864 ridete

141 3941 197 3984 me.
242 3923 372 3988 Nomai
393 3922 422 3983 si
444 3938 580 4002 orpuor,
613 3919 704 3999 quusi
725 3919 815 3982 bomo
839 3935 965 3998 orpuoc.
1010 3916 1136 3979 Portute
1158 3933 1230 3998 erqo

216 4161 243 4230 1)
261 4161 313 4216 lob.
332 4161 376 4230 at,
394 4162 410 4215 7
429 4178 482 4233 seq.
553 4162 581 4229 2)
600 4159 662 4216 ibid.
681 4161 725 4228 21,
744 4159 761 4214 3
778 4176 832 4231 aeq.
