2966 4708
251 381 317 450 210
669 340 676 358 “
698 372 726 428 s.
743 371 897 430 arenoso

250 541 299 608 vel
321 539 418 622 inpuri
436 537 679 617 contaminarent,
704 537 752 600 vot
768 535 974 602 defunctorum
990 534 1113 618 sanguis
1129 537 1343 616 exstingueret,

250 659 300 725 vel
322 655 497 720 deformium
519 654 671 718 ruinarum
693 669 819 717 acervus
842 651 985 716 oboleret.

340 770 410 838 100.
454 771 602 835 Abierant
623 771 721 852 itaque
745 769 775 832 in
798 766 947 832 Persidem
978 765 1042 830 sola
1071 764 1218 847 religione
1247 763 1342 841 liberi,

251 887 389 968 quoniam
421 884 485 948 sola
516 883 571 947 illis
598 902 653 966 pcr
674 882 869 964 captivitatem
894 881 1068 961 extorqueri
1089 880 1229 961 nequivit.
1274 879 1344 944 Post

249 1019 324 1066 vero
346 1000 502 1082 plurimum
525 999 677 1080 temporis,
699 996 818 1078 quando
839 996 949 1079 placuit
971 994 1038 1074 deo,
1063 993 1144 1060 dedit
1163 995 1239 1058 bano
1255 1011 1343 1058 rnen-

250 1123 309 1180 tem
331 1115 397 1197 regi
419 1113 593 1192 Persarum,
625 1118 657 1176 ut
678 1112 839 1176 restaurari
860 1111 890 1173 in
913 1109 1020 1174 iudaea
1042 1109 1181 1192 temptum
1211 1114 1240 1171 et
1261 1107 1342 1192 legi-
1469 1181 1470 1194 χ

249 1231 336 1294 timos
366 1228 500 1311 reparari
522 1226 736 1309 Hierosolymis
766 1225 841 1288 ritus
871 1226 995 1288 iuberet.
1040 1225 1130 1290 Cuius
1152 1224 1248 1308 gretia
1275 1242 1343 1286 mu·

249 1345 330 1410 neris
364 1341 516 1406 Neemiam
550 1341 737 1405 sacerdotem
771 1359 827 1404 rex
859 1339 1014 1404 Persarum
1051 1337 1167 1402 direxit.
1224 1338 1262 1404 m
1293 1338 1343 1402 itte

250 1474 351 1521 secum
375 1455 496 1519 deduxit
518 1457 635 1519 illorum
658 1455 848 1520 secerdotum
869 1462 1015 1536 nepotes,
1045 1453 1095 1534 qui
1118 1451 1282 1535 protecturi
1305 1451 1343 1515 de
1469 1433 1470 1480 3

249 1571 344 1654 patrio
367 1571 432 1634 solo
452 1589 579 1650 sacrum,
602 1590 641 1633 ne
657 1571 777 1653 periret,
801 1571 902 1654 ignm
918 1568 1142 1633 absconderant
1181 1569 1342 1630 Venientes

249 1691 356 1766 autem,
378 1691 411 1748 ut
432 1692 546 1766 patrum
568 1701 706 1748 sermone
723 1690 769 1745 est
784 1681 942 1764 proditum,
965 1701 1025 1745 non
1041 1683 1219 1744 invenerunt
1233 1681 1343 1762 ignem,

250 1796 304 1863 sed
334 1814 447 1877 aquam.
501 1795 539 1859 Et
568 1815 635 1859 oum
667 1794 787 1858 deesset
818 1795 914 1877 ignis,
947 1813 1008 1875 quo
1041 1793 1198 1860 adolerent
1231 1795 1343 1876 altaria,
1469 1835 1470 1904 l

249 1912 368 1976 haurire
391 1927 445 1974 eos
468 1928 572 1990 aquam
595 1908 733 1972 Neemias
756 1905 900 1971 sacerdos
931 1907 1047 1987 sibique
1078 1906 1197 1970 delerre
1229 1913 1257 1970 et
1285 1905 1343 1970 ad·
1469 1909 1470 1926 *

249 2044 394 2112 sporgere
423 2043 514 2107 super
544 2024 624 2108 ligna
656 2023 815 2106 praecepit.
861 2023 961 2101 Tunc,
995 2022 1063 2087 visu
1092 2020 1242 2086 mirabitel
1276 2039 1343 2086 curn

250 2147 331 2204 esset
353 2138 467 2206 caelum
490 2140 632 2203 intextum
655 2139 800 2219 nubibus,
829 2139 875 2203 sol
897 2144 1022 2220 repente
1045 2138 1166 2218 inluxit,
1199 2155 1343 2204 accensus

250 2263 295 2320 est
317 2271 443 2338 magnus
465 2254 559 2339 ignis,
588 2255 626 2318 ita
649 2261 681 2317 ut
703 2273 806 2318 omnes
828 2253 858 2318 in
881 2259 939 2316 tam
962 2251 1091 2317 evidenti
1114 2251 1225 2319 domiui
1246 2253 1344 2337 gratia
1469 2321 1470 2324 ,

118 2415 122 2424 l
250 2369 358 2434 iactum
395 2374 548 2451 stupentes
584 2368 694 2432 laetitia
732 2367 992 2452 perfunderentur.
1047 2367 1158 2430 Orabat
1193 2366 1343 2448 Necatus,

249 2483 413 2566 psallebant
442 2483 617 2547 sacerdotes
649 2483 790 2566 hymnum
822 2482 899 2560 deo,
932 2488 1024 2562 utque
1056 2489 1264 2563 consumptum
1296 2489 1345 2548 cst

250 2595 443 2674 sacrificium,
474 2595 558 2660 iussit
586 2597 692 2658 iterum
714 2596 852 2659 Neemias
875 2595 994 2658 residua
1018 2613 1094 2676 aquo
1117 2596 1246 2660 maiores
1268 2615 1344 2678 per-

251 2710 333 2776 tundi
360 2708 492 2792 lapides,
523 2728 581 2793 quo
612 2708 689 2773 iacto
721 2709 834 2774 damme
864 2728 990 2774 accensa
1020 2716 1084 2790 est,
1115 2711 1215 2774 lumen
1244 2717 1345 2774 autem

250 2824 403 2909 refulgens
424 2825 461 2888 ab
485 2823 568 2885 altari
592 2827 823 2886 consummatum
846 2823 914 2888 ilico
937 2829 992 2888 est.
1011 2819 1042 2906 ¹)

340 2935 411 3001 101.
455 2936 519 2999 Hoc
548 2933 696 3018 patefacto
726 2935 836 3002 indicio
863 2957 920 3002 rex
941 2936 1099 3004 Persarum
1129 2955 1166 3002 eo
1197 2938 1282 3018 loco,
1313 2940 1345 3004 iu

252 3069 311 3134 quo
335 3051 412 3134 ignis
436 3048 532 3112 luerat
554 3051 743 3116 absconditus
767 3059 797 3116 et
818 3060 923 3136 postea
945 3058 1064 3135 reperta
1087 3057 1242 3134 colaque,
1265 3059 1345 3116 tem-

250 3167 329 3251 plum
351 3165 415 3230 lieri
437 3164 595 3245 mandevit,
621 3167 668 3232 oui
690 3167 895 3236 inferebantur
918 3169 996 3234 dona
1018 3167 1151 3251 plurima.
1197 3166 1354 3250 Appella-‘

250 3288 359 3348 verunt
380 3286 478 3343 auteur
500 3279 587 3361 illud,
619 3283 669 3364 qui
699 3292 785 3348 erant
814 3304 880 3348 cum
911 3289 1014 3350 sancta
1037 3283 1177 3361 Noomin,
1210 3281 1345 3364 epbtbar,

251 3395 330 3478 quod
353 3395 624 3477 interpretationem
647 3397 735 3463 babet
758 3397 987 3481 purificationis:
1019 3415 1036 3460 a
1059 3396 1192 3478 plurimis
1215 3394 1345 3478 nepbtbe

251 3515 383 3574 vocatur.
428 3509 580 3574 iuvenitur
611 3517 707 3574 autem
736 3513 766 3574 in
797 3510 1043 3593 descriptionibus
1072 3509 1239 3577 Hieremiae
1268 3525 1345 3590 pro-

251 3622 359 3705 phetae
381 3620 460 3704 quod
484 3622 603 3687 iusserit
624 3624 762 3708 accipere
786 3624 824 3688 de
847 3625 916 3707 igne
939 3643 1008 3718 eos,
1043 3623 1095 3706 qui
1117 3631 1221 3706 postea
1243 3625 1346 3688 essent

253 3735 351 3799 futuri
397 3735 451 3798 Hic
481 3743 528 3802 est
557 3738 651 3820 ignis,
681 3739 733 3819 qui
755 3739 862 3802 cecidit
881 3758 974 3823 nuper
995 3737 1173 3804 sacrificium
1194 3737 1293 3820 ttoyst
1313 3743 1347 3802 et

253 3848 437 3928 consumpsit
463 3847 553 3928 illud,
585 3851 662 3916 sicut
682 3851 822 3934 scripturn
846 3861 909 3918 est:
926 3849 958 3936 Ψ)
992 3851 1075 3928 Octo
1099 3851 1199 3918 seivit
1219 3851 1302 3933 ipnie
1324 3869 1347 3914 a

253 3961 378 4028 domino
411 3967 443 4022 et
468 3963 662 4042 consempsit
688 3963 854 4042 demerso,
889 3983 969 4048 puae
998 3970 1091 4030 erant
1119 3981 1214 4044 cuper
1242 3963 1346 4030 ultore

325 4201 354 4267 1)
373 4199 397 4254 2.
409 4200 519 4255 Maceeb.
541 4201 566 4269 1,
585 4201 626 4257 ³2.
696 4205 725 4273 2)
743 4206 823 4262 berit.
842 4208 869 4277 9,
887 4207 929 4284 ld.
988 4255 991 4264 .
