2976 4706
391 371 437 425 ott
456 367 593 425 orrtctts
612 363 835 422 tttntstttotttttt
855 361 950 419 trouu
968 363 1010 418 lll.
1180 360 1243 430 10¹1

151 531 261 610 cussit,
290 529 343 595 sed
366 530 453 593 edom
481 528 632 612 protexit,
666 545 706 593 ne
727 528 765 591 ab
788 527 865 604 alio,
901 526 951 608 qui
974 525 1060 589 simul
1088 525 1244 609 ingressor

52 638 58 646 ’
151 645 265 728 fuerat,
294 645 499 727 perimeretur.
544 641 618 703 Nam
647 657 713 704 cum
745 638 859 702 diceret
886 638 914 701 ci
945 637 1066 702 Abisei:
1091 633 1122 720 ¹]
1158 636 1243 700 Con-

153 759 245 822 cluait
277 757 371 819 laodic
403 755 549 820 dominor
583 754 740 816 inimicum
774 761 859 814 tuom
888 751 922 812 io
950 750 1092 814 monitus
1126 749 1187 812 tois
1215 755 1245 810 et

150 889 234 934 nono
256 871 396 934 occidam
416 887 493 947 conr,
517 867 695 947 respondit.-
717 866 786 930 Non
800 883 963 930 eooaurnoa
978 866 1074 942 illum,
1097 865 1244 946 quonium

152 985 223 1065 poia
246 983 356 1045 iniciat
376 1001 499 1044 monum
520 1001 609 1047 worn
630 983 665 1044 in
687 981 834 1044 clariacum
859 981 977 1046 domini
993 987 1022 1042 et
1037 997 1139 1060 purus
1161 979 1244 1042 erit?

151 1097 190 1160 llt
212 1096 338 1160 addidit:
376 1097 457 1159 Vicit
486 1095 648 1172 doninus,
679 1095 825 1176 quomam
853 1095 917 1158 oiri
943 1094 1085 1157 dominus
1110 1112 1243 1174 porar-

150 1213 229 1274 aerit
249 1212 355 1288 illum,
387 1218 444 1273 out
465 1211 527 1273 nisi
550 1212 629 1273 loro
652 1210 739 1274 illios
761 1210 900 1287 canerit,
931 1217 961 1274 et
980 1209 1154 1286 moriatur,
1189 1214 1245 1272 out

151 1323 185 1386 io
203 1343 340 1406 pupnom
363 1324 558 1388 descenderit
580 1332 611 1386 et
628 1325 809 1404 adponotur
830 1323 915 1402 milri,
936 1343 1000 1390 ooo
1023 1324 1066 1390 eit
1080 1344 1101 1386 o
1119 1323 1244 1387 domino

150 1440 268 1503 inicere
290 1459 413 1509 monam
435 1457 532 1500 meam
554 1440 588 1500 in
611 1438 760 1500 christum
782 1437 910 1502 domiai.

238 1549 287 1618 34.
332 1553 434 1635 ltaque
449 1571 509 1616 uon
529 1553 663 1636 permisit
684 1553 786 1615 necari
809 1571 886 1631 eum,
909 1551 962 1614 sed
986 1551 1079 1616 solam
1100 1551 1242 1631 lanceam,

150 1688 228 1753 quoe
250 1675 315 1732 erat
336 1668 373 1733 ad
395 1674 483 1751 caput
504 1669 586 1748 eius,
616 1674 648 1734 et
667 1667 835 1732 lenticulam
866 1667 991 1732 sustulit.
1036 1665 1138 1746 ltaque
1167 1665 1240 1729 dor·

152 1783 309 1846 urientibus
340 1785 470 1863 cunctis,
502 1801 644 1867 egressus
674 1781 712 1845 de
741 1783 847 1846 castris
876 1783 1014 1846 transivit
1042 1783 1071 1843 in
1100 1799 1242 1844 cacumen

150 1894 257 1958 montis
291 1901 321 1958 et
354 1913 521 1978 coarguere
556 1896 655 1977 coepit
690 1896 847 1978 stipatores
884 1896 987 1978 regios
1020 1901 1052 1957 et
1083 1895 1243 1977 praecipue

149 2009 311 2090 principem
344 2007 461 2072 militiae
483 2007 602 2084 abner,
636 2006 717 2087 quod
748 2023 933 2087 nequaquam
962 2005 1048 2068 lidarn
1079 2006 1242 2070 custodiam

150 2124 216 2204 regi
234 2129 264 2184 et
283 2122 402 2185 domino
422 2140 478 2184 suo
498 2121 652 2183 adhiberet
659 2141 668 2198 ;
693 2121 821 2202 denique
843 2120 1069 2199 demonstraret,
1092 2119 1141 2181 ulti
1161 2125 1242 2182 esset

150 2234 254 2297 lancea
285 2235 368 2317 regis
391 2235 440 2299 vel
464 2234 622 2313 lenticula,
652 2253 730 2316 quac
753 2241 817 2298 erat
839 2235 874 2298 ad
898 2240 985 2315 caput
1007 2235 1080 2296 eius.
1124 2232 1161 2295 Et
1183 2251 1241 2316 ap-

148 2347 273 2429 pellatus
296 2367 315 2411 a
335 2367 411 2431 rege
435 2349 571 2412 lanceam
592 2348 735 2412 reddidit:
758 2349 799 2412 Et
821 2349 984 2426 dominus,
1008 2348 1118 2428 inquit,
1134 2343 1166 2432 ²)
1188 2366 1241 2409 re-

149 2462 260 2524 stituat
282 2463 450 2544 unicuique
473 2463 612 2526 iustitiae
631 2481 706 2528 ruas
726 2471 756 2525 et
771 2462 863 2543 fidem
884 2481 983 2540 auom,
1006 2463 1090 2524 sicrtt
1110 2461 1243 2526 tradidit

149 2573 341 2638 rodominus
364 2577 397 2638 io
423 2595 534 2638 monus
562 2596 645 2639 mcor
675 2585 705 2638 et
729 2577 817 2641 nolui
845 2575 961 2638 inicere
993 2594 1116 2638 monum
1144 2593 1241 2639 meum

147 2688 182 2749 in
205 2689 352 2752 christum
384 2689 524 2752 domini·
554 2689 592 2754 llt
622 2708 689 2752 cum
717 2690 792 2754 haec
824 2675 955 2770 diceret,
988 2675 1108 2754 timeba't
1141 2696 1239 2754 tamen

148 2800 270 2865 insidias
294 2801 358 2870 eius
382 2808 412 2864 et
433 2802 524 2886 sugit,
555 2802 659 2866 sedem
684 2805 790 2868 exsilio
813 2811 937 2871 mutans.
981 2805 1045 2868 Nec
1067 2811 1163 2868 umen
1186 2822 1240 2867 so·

147 2913 237 2978 lutem
267 2915 408 2996 praetulit
436 2914 641 2994 innocentiae,
673 2934 738 2978 cunr
768 2916 824 2978 iam
855 2896 989 2982 secundo
1020 2915 1156 2979 facultate
1183 2916 1239 2978 sibi

147 3025 253 3092 tributu
281 3029 364 3110 regis
390 3028 515 3092 necandi
542 3029 687 3095 noluisset
708 3031 750 3092 uti
772 3031 939 3094 occasionis
964 3030 1129 3110 beneficio,
1163 3047 1240 3110 quae

150 3145 179 3203 et
202 3141 390 3206 securitatem
413 3142 514 3207 salutis
536 3144 678 3206 metuenti
700 3149 730 3206 et
755 3162 882 3228 regnum
904 3145 1048 3209 ollerehat
1070 3146 1173 3210 exsuli.

234 3249 284 3324 35,
330 3253 384 3318 Ubi
408 3271 482 3334 opus
505 3252 561 3319 luit
582 3255 684 3319 loanni
707 3255 813 3341 Gygeo
843 3257 949 3337 anulo,
980 3260 1044 3340 qui,
1075 3261 1101 3322 si
1123 3261 1238 3324 tacuis-

147 3372 211 3447 set,
234 3383 294 3431 non
319 3373 402 3430 esset
424 3368 540 3432 occisus
562 3371 599 3433 ab
621 3370 767 3435 Herode?
780 3368 813 3457 ³)
857 3373 1011 3435 Praestare
1032 3372 1091 3434 hoc
1113 3372 1154 3435 illi
1177 3392 1238 3456 po-

146 3480 201 3542 tuit
230 3480 378 3544 silentium
400 3498 501 3560 suum,
532 3488 564 3545 ut
586 3489 617 3545 et
637 3483 789 3550 videretur
811 3492 841 3548 et
863 3504 921 3550 noo
947 3485 1133 3550 occideretur
1140 3507 1150 3563 ;
1184 3487 1238 3550 scd

147 3593 215 3672 quia
233 3611 294 3657 noo
317 3593 414 3656 solum
436 3613 562 3679 peccare
581 3615 615 3660 se
633 3605 756 3683 propter
778 3600 880 3665 salutis
903 3600 1108 3666 defensionem
1129 3617 1238 3684 passus

147 3722 207 3768 non
231 3713 290 3786 est,
321 3707 375 3771 sed
406 3728 446 3775 ue
475 3710 602 3775 alienum
633 3713 751 3795 quidem
779 3722 932 3797 peccatum
962 3716 1043 3780 ierre
1065 3737 1100 3782 ec
1123 3725 1238 3804 perpeti

147 3819 257 3897 potuit,
290 3821 359 3884 ideo
382 3822 412 3885 in
435 3839 470 3886 se
492 3841 610 3890 causam
633 3829 716 3892 necis
739 3829 886 3894 excitavit
931 3829 1019 3894 Certe
1045 3831 1103 3898 hoc
1124 3853 1237 3920 negare

146 3977 353 3993 -ῑ--ᾐ

215 4083 245 4156 1)
265 4086 288 4139 1.
307 4085 371 4159 Reg.
390 4091 433 4157 26,
454 4092 559 4165 Ssoqq.
631 4095 660 4165 2)
678 4095 739 4150 ltro.
759 4113 783 4150 v.
803 4098 846 4152 23.
916 4099 945 4171 3)
964 4101 1048 4163 litttlt.
1071 4101 1113 4181 ll,
1133 4108 1145 4158 t
1165 4125 1238 4190 seqq.

146 4179 174 4225 at
190 4171 266 4228 llere.
285 4174 312 4243 6,
332 4177 363 4246 ll
381 4194 453 4250 seqq.
