2976 4706
269 376 332 444 mo
717 367 916 424 smmm

267 538 324 604 soli
347 543 448 620 partus
472 535 665 619 ingemescis,
696 531 751 594 iles
773 531 917 614 publicam
941 531 1136 613 fertilitatem,
1162 536 1270 600 horrea
1294 535 1361 600 tra-

266 667 336 733 gum
369 649 457 730 plena
491 646 649 728 deploras,
684 643 843 726 exptoras,
879 644 998 726 quando
1031 647 1164 712 sterilior
1196 658 1361 732 proventus

266 764 320 842 sit,
353 762 471 843 quando
495 761 602 822 exilior
623 766 734 842 partus.
779 759 863 822 Votis
886 759 942 821 tuis
965 760 1078 843 gaudes
1101 763 1240 826 arrisisse
1264 765 1361 827 male-²
1473 821 1474 832 ,

266 875 392 956 dictum,
429 880 461 938 ut
492 875 564 937 nibil
599 873 734 954 cuiquam
766 880 949 936 nasceretur.
1007 873 1089 936 Tunc
1120 895 1249 940 messem
1282 883 1362 939 tuam

266 992 388 1052 venisse
410 989 549 1066 laetaris,
582 994 652 1049 tuno
674 987 725 1048 tibi
749 985 786 1049 de
810 987 938 1050 omnium
961 988 1078 1050 miseria
1102 991 1243 1073 congeris
1268 1008 1360 1072 opes3

267 1109 297 1166 et
318 1104 393 1167 banc
416 1109 448 1164 tn
470 1100 642 1163 industriam
663 1115 776 1180 vocas,
806 1099 883 1162 banc
906 1098 1085 1183 diligentiam
1109 1104 1261 1182 nominas,
1284 1105 1361 1184 quoe

268 1217 431 1280 calliditatis
454 1215 602 1294 versutia,
625 1231 702 1295 quae
724 1213 830 1276 astutia
854 1211 964 1276 fraudis
988 1220 1033 1276 est
1039 1234 1049 1291 ;
1075 1221 1105 1276 et
1128 1217 1185 1280 boc
1208 1224 1239 1278 tu
1258 1235 1361 1280 reme-

268 1332 347 1395 dium
381 1349 490 1410 vocas,
528 1329 607 1410 quod
642 1334 689 1391 est
722 1334 917 1391 commentum
951 1330 1109 1412 nequitiae.
1160 1329 1361 1392 Latrociuium

266 1447 341 1524 boc,
372 1463 408 1507 an
430 1444 516 1507 fenus
540 1443 708 1526 appellem?
754 1443 913 1524 deplentur
935 1451 1081 1525 tamquam
1111 1444 1257 1508 latrocinii
1279 1450 1360 1506 tem-

264 1577 357 1641 pora,
387 1561 494 1640 quibus
517 1559 551 1634 in
579 1558 695 1620 viscera
727 1557 874 1620 bominum
909 1557 1000 1621 durus
1034 1556 1188 1620 insidiator
1222 1559 1361 1638 obrepas.

265 1673 401 1756 Augetur
434 1674 558 1753 pretium
581 1680 727 1754 tamquam
750 1681 833 1736 sorte
855 1673 1032 1736 cumulatum
1056 1672 1186 1751 fenoris,
1217 1690 1276 1753 quo
1298 1690 1360 1752 pc-

265 1783 389 1847 riculum
423 1785 526 1867 eapitis
559 1792 723 1847 acervatur.
769 1785 834 1848 'libi
857 1784 993 1847 conditae
1027 1783 1121 1866 frugis
1154 1785 1361 1866 multiplicatur

266 1915 376 1975 usura3
404 1903 436 1962 tu
458 1897 635 1962 trumentum
659 1900 744 1980 quasi
766 1898 920 1963 fenerator
943 1898 1093 1978 occultas,
1117 1900 1201 1979 quasi
1223 1897 1362 1962 venditor

270 2013 458 2076 auctionaris.
502 2013 580 2086 Quid
604 2014 766 2095 inprecaris
782 2013 858 2075 male
878 2013 1034 2088 omnibus,
1058 2015 1125 2092 quia
1148 2013 1242 2075 maior
1264 2010 1362 2074 futura
1473 2025 1474 2062 1

264 2126 308 2190 sit
323 2125 437 2206 tames,
461 2127 546 2208 quasi
568 2126 639 2188 nibil
662 2125 782 2210 frugum
804 2125 952 2207 supersit,
984 2124 1069 2205 quasi
1091 2123 1279 2188 infecundior
1301 2143 1361 2188 an-

264 2257 320 2303 nus
344 2241 509 2322 sequatur?
552 2239 680 2303 Lucrum
702 2246 783 2303 tuum
806 2240 943 2304 damnum
966 2239 1114 2320 publicum
1138 2245 1193 2302 est.

349 2351 400 2417 42.
443 2354 551 2436 loseph
574 2361 694 2418 sanctus
719 2356 854 2418 omnibus
876 2353 992 2436 aperuit
1014 2353 1132 2430 horrca,
1147 2349 1176 2434 ¹)
1196 2369 1257 2416 non
1272 2351 1360 2416 clun·
1473 2351 1474 2366 ¹

263 2468 319 2545 sit,
342 2485 399 2530 nce
422 2469 515 2549 pretia
538 2469 666 2550 captavit
689 2486 841 2547 annonae,
871 2467 927 2530 sed
949 2485 1082 2548 perenne
1105 2465 1268 2529 subsidium
1291 2465 1361 2530 col-

264 2580 394 2658 locavit,
426 2579 497 2642 nibil
521 2581 577 2642 sibi
600 2581 773 2663 adquisivit,
796 2580 849 2644 sed
873 2579 1120 2661 quemadmodum
1149 2578 1242 2642 tames
1273 2581 1360 2642 etiam

265 2692 296 2755 in
318 2699 471 2776 posterum
496 2694 683 2773 vinceretur,
705 2692 830 2777 provida
853 2692 1039 2757 ordinatione
1062 2693 1216 2774 disposuit.

349 2801 400 2870 43.
446 2805 571 2890 Legisti,
602 2807 848 2889 quemadmodum
881 2808 960 2872 bunc
989 2805 1172 2872 frumentarii
1194 2807 1282 2889 pretii
1303 2824 1360 2870 ca-

262 2925 406 3004 ptatorem
431 2930 561 3003 exponat
583 2924 613 2985 in
632 2924 789 3008 evangelio
812 2924 948 2988 dominns
972 2921 1071 3001 lesus,
1094 2921 1180 2985 cuius
1203 2919 1359 3002 possessio
1473 2949 1474 2952 ¹

261 3147 401 3228 facium?
447 3147 519 3212 Non
540 3149 638 3213 babeo
659 3169 718 3232 quo
742 3170 923 3234 congregem
929 3171 942 3225 ;
972 3152 1130 3213 destruam
1152 3149 1269 3212 borreu
1289 3165 1360 3210 meu

263 3267 294 3322 et
315 3261 441 3326 maiora
461 3261 597 3342 foetam,
621 3284 688 3328 curn
710 3266 789 3328 scire
804 3284 864 3330 non
879 3272 984 3347 posset
998 3269 1095 3327 utrum
1114 3261 1252 3344 sequenti
1266 3267 1357 3323 nocte

262 3373 358 3436 anima
374 3391 427 3437 sua
442 3375 479 3437 ab
497 3377 603 3440 eodem
618 3383 815 3459 repeteretur.
854 3373 1013 3440 Nesciebat
1027 3374 1098 3456 quid
1121 3375 1250 3451 taoerct3
1272 3374 1359 3454 quasi

263 3485 292 3548 ei
311 3486 447 3551 alimenta
465 3487 615 3567 deessent,
638 3489 779 3552 haerebat
796 3488 944 3570 ambiguo.
983 3487 1051 3552 Non
1072 3487 1228 3568 capiebant
1246 3485 1358 3551 horrea

262 3617 425 3682 annonam,
449 3610 479 3665 et
500 3603 550 3665 ille
571 3619 606 3666 se
627 3620 720 3687 egere
743 3601 891 3666 credebat

349 3711 401 3778 44.
444 3714 536 3778 Recte
559 3717 649 3800 igitur
671 3716 826 3782 Salomon:
844 3711 875 3800 ³)
906 3714 966 3790 (tot
989 3715 1136 3791 continet,
1159 3714 1262 3795 inquit,
1282 3714 1356 3794 fru-

262 3837 411 3907 mentum,
434 3831 586 3911 relinquet
607 3833 687 3894 c'llud
709 3831 908 3908 notionibus,
932 3848 992 3893 non
1014 3825 1194 3907 heredibus,
1218 3825 1357 3908 quoniam

264 3941 403 4006 avaritiae
441 3944 669 4008 emolumentum
702 3945 740 4010 ad
773 3961 984 4010 successorum
1017 3943 1081 4004 iura
1115 3959 1176 4006 non
1208 3939 1354 4024 pervenit.

334 4180 1254 4256 mammammmmenfflmms

145 3019 147 3032 ’
264 3033 373 3096 divites
403 3033 516 3098 tructus
547 3036 656 3116 aturlit,
687 3044 717 3101 et
738 3038 787 3102 ille
817 3039 902 3122 quasi
933 3055 1028 3120 egens
1057 3037 1189 3098 dicebat:
1207 3031 1240 3119 ²)
1276 3033 1360 3109 oeta
