2976 4706
393 383 439 438 DE
459 381 596 437 ottstctls
616 381 838 437 tttn'tstttotttttt
861 380 958 436 stolata
977 383 1018 438 111.
1201 381 1259 453 191

137 543 257 632 ‚Quod
289 563 349 610 non
380 546 510 630 legitime
544 544 724 626 adquiritur,
757 545 841 626 quasi
871 545 967 608 ventis
997 545 1189 628 quibusdam,
1224 549 1263 611 ita

169 660 320 723 extraneis
343 659 547 743 diripientibus
571 659 738 742 dissipatur.
782 657 970 722 Et·addidit:
988 657 1015 744 ¹)
1043 660 1183 740 Coptooe
1202 679 1262 724 on·

169 791 285 838 nouom
300 774 482 838 maledictus
496 775 530 836 in
542 773 632 854 plebe
648 781 709 847 crt;
725 773 895 836 benedictio
911 783 1012 837 notem
1027 774 1094 836 etur
1104 775 1138 836 io
1152 775 1262 857 cupite,
1295 769 1297 781 ’

169 889 222 970 qui
241 890 422 968 participat.
466 884 558 948 Vides
574 903 649 969 ergo
665 883 744 966 quod
767 885 940 968 largitorem
964 885 1101 949 frumeuti
1122 889 1190 950 essd
1206 886 1264 950 de-

170 1006 252 1080 ceat,
285 1017 346 1064 non
375 999 461 1082 pretii
491 1004 681 1079 captatorem.
724 996 792 1060 Non
823 1003 869 1060 est
892 998 981 1081 igitur
1002 999 1056 1063 ista
1080 1001 1201 1081 utilitas,
1233 1001 1263 1062 in

170 1131 229 1194 qua
252 1114 317 1196 plus
340 1114 489 1178 honestati
511 1111 691 1193 detrahitur,
713 1131 801 1194 quarn
823 1113 938 1176 utilitati
962 1112 1138 1198 adiungitur.

576 1329 746 1396 CAPUT
782 1328 858 1396 VII.

169 1494 319 1565 Peregrinos
337 1504 452 1564 tempore
471 1495 544 1548 fantis
558 1513 590 1548 ex
602 1495 665 1548 urba
684 1497 831 1564 neutiquam
850 1495 1023 1563 expellendos.
1059 1495 1198 1566 Egregium
1217 1496 1264 1548 hae

169 1587 194 1636 in
212 1600 240 1636 re
260 1584 394 1636 Christiani
412 1586 480 1636 senia
500 1585 631 1636 consilium
650 1583 773 1649 refertur,
800 1585 841 1634 eui
860 1585 997 1653 opponitur
1014 1583 1145 1652 indignum
1167 1584 1264 1638 lacinus

169 1670 266 1723 Rornae
285 1671 436 1735 admissum
455 1689 503 1725 nee
523 1688 574 1724 non
593 1681 698 1741 utroque
716 1674 783 1723 inter
800 1687 828 1724 se
847 1680 996 1740 conparato,
1014 1672 1119 1739 primunr
1138 1689 1195 1724 curu
1213 1671 1263 1726 lto·

169 1767 267 1811 nestate
286 1767 363 1828 atque
380 1759 488 1813 utilitate
507 1763 665 1814 coniunctum
686 1760 764 1813 luisse
783 1760 933 1826 ostenditur,
951 1776 1026 1812 secur
1042 1775 1105 1813 vero
1117 1760 1263 1812 secundum.

257 1908 308 1976 ts.
353 1911 413 1976 Sed
437 1917 466 1974 et
488 1912 545 1991 illi,
568 1913 618 1994 qui
641 1913 819 1994 peregrinos
841 1913 918 1974 urbe
940 1879 1115 1993 prohibent,
1146 1928 1264 1991 nequa-

172 2042 260 2104 quam
283 2024 444 2106 probandi:
468 2023 621 2106 expellere
636 2041 674 2086 eo
691 2029 836 2104 tempore,
860 2041 920 2105 quo
942 2022 1051 2087 debent
1072 2025 1186 2103 iuvare,
1209 2041 1263 2086 se-

168 2148 276 2218 parare
298 2138 516 2200 acummerciis
540 2138 701 2200 eommunis
723 2137 873 2218 parentis,
897 2137 981 2200 susos
1004 2138 1140 2201 omuibus
1162 2143 1262 2219 purtus

125 2335 127 2340 Δ
169 2267 301 2332 negare,
332 2248 402 2311 initu
425 2248 482 2309 iam
508 2248 658 2310 consortia
681 2245 802 2310 vivendi
824 2264 1040 2326 averruncare;
1068 2267 1134 2312 cum
1157 2249 1263 2333 quibus

170 2361 279 2424 inerint
303 2361 469 2424 communia
492 2360 572 2437 iura,
605 2377 671 2421 cum
693 2360 739 2422 his
761 2359 842 2423 nulle
864 2361 894 2423 in
918 2367 1052 2444 ternpore
1077 2363 1263 2426 necessitatis

169 2475 301 2540 subsidia
323 2475 435 2557 partiri.
471 2474 567 2536 Ferae
589 2491 649 2537 non
672 2473 824 2555 expellunt
847 2472 945 2554 feras,
969 2481 998 2536 et
1020 2475 1109 2540 horno
1132 2475 1264 2540 excludit

170 2588 336 2653 honinem!
373 2588 468 2652 Ferae
485 2604 520 2651 ao
534 2587 649 2649 bestiae
668 2603 854 2649 communem
873 2593 974 2669 putant
991 2589 1126 2652 omnihus
1144 2591 1264 2670 vietum,

169 2723 257 2785 quem
280 2710 361 2766 terra
384 2702 529 2766 ministrat
536 2720 546 2778 3
577 2700 644 2763 illae
670 2701 757 2762 etiarn
788 2699 973 2764 conformato
995 2703 1041 2766 sui
1062 2704 1185 2786 generis
1207 2703 1264 2766 ad·
1378 2756 1387 2766 .

171 2819 288 2898 iuvant,
310 2819 399 2882 homo
421 2819 580 2900 inpugnat,
603 2816 655 2897 qui
676 2813 748 2876 nittt
769 2833 787 2877 a
806 2833 841 2877 se
863 2815 992 2879 alienum
1015 2815 1104 2879 debet
1127 2816 1263 2898 credere,

171 2931 313 3015 quidquid
335 2932 453 2995 humani
476 2931 538 2994 est!

257 3043 309 3110 tt.
353 3045 471 3118 Quanto
494 3043 544 3105 ille
565 3041 693 3119 rectius,
709 3040 775 3121 ¹qui
798 3057 865 3102 curn
887 3041 944 3103 iarn
966 3046 1109 3122 provecta
1136 3055 1264 3122 prooes-

170 3160 262 3225 sisset
284 3163 379 3222 acute
402 3162 432 3219 et
453 3155 560 3218 lamen
587 3153 732 3220 toleraret
761 3154 883 3232 civitas,
915 3160 1020 3234 atque,
1051 3153 1135 3215 utin
1157 3153 1265 3218 talibus

170 3273 265 3352 solet,
287 3276 424 3354 peterent
445 3269 554 3351 vulgo,
577 3277 610 3332 ut
628 3269 781 3351 peregrini
803 3269 878 3331 urbe
900 3268 1132 3350 prohiberentur
1139 3287 1149 3343 3
1171 3285 1265 3349 prae-

172 3387 303 3450 fecturae
326 3385 457 3448 urbanae
480 3399 581 3446 curam
604 3371 713 3444 ceter'is
740 3383 881 3444 maiorem
911 3382 1062 3444 sustinens
1088 3381 1266 3444 convocarit

172 3501 335 3565 honoratos
370 3503 400 3560 et
436 3497 647 3578 locupletiores
684 3496 781 3576 viros,
817 3495 971 3578 poposcit,
1008 3500 1041 3556 ut
1077 3496 1106 3558 iu
1137 3493 1266 3558 medium

169 3617 383 3694 consulerent,
424 3613 541 3691 dicens,
584 3631 672 3696 quatu
708 3613 824 3674 innraue
865 3615 946 3673 esset
985 3609 1163 3691 peregrinos
1199 3610 1265 3690 eici,

175 3745 261 3809 quarn
285 3728 433 3792 hominem
465 3733 591 3788 exueret
620 3725 671 3806 qui
700 3726 796 3788 cibum
827 3724 964 3786 morienti
990 3727 1123 3806 negaret
1169 3721 1265 3788 Canes

174 3844 242 3900 ante
276 3855 408 3902 mensam
438 3837 570 3918 inpastus
599 3855 668 3900 esse
694 3854 755 3901 non
777 3837 919 3917 patimur,
949 3834 1099 3899 honinem
1129 3835 1265 3900 extrudi·-

174 3967 249 4013 ntus.
292 3951 386 4026 Quam
407 3950 512 4014 inutile
535 3969 655 4032 quoque
678 3957 722 4015 tot
745 3951 872 4033 populas
901 3950 1012 4015 mundo
1040 3951 1158 4032 perita,
1188 3967 1265 4034 quos

223 4267 225 4274 Ι
247 4190 275 4260 1)
292 4189 365 4245 Prov.
387 4190 430 4257 rt,
448 4192 489 4247 26.
