2894 4716
505 419 551 477 Ab
570 419 595 478 Β.
615 417 817 478 tuboostttnt.
1146 429 1207 496 391

110 586 294 651 amano
313 583 382 654 qnod
401 583 475 636 etiem
494 583 549 636 reli.
562 581 675 636 dienato
694 581 789 636 babent
807 592 917 654 excepto
933 583 983 655 big,
1005 587 1030 639 iu
1049 603 1099 657 qno
1116 587 1211 659 legitor

110 691 267 756 amonendi3
288 657 479 744 fundendum
497 687 558 757 (da
578 702 599 741 r.
617 703 650 740 ιιι.
669 690 807 756 repertor.)
825 690 867 742 dat
884 690 938 757 Ro,
957 695 1150 750 admouendum
1168 695 1210 750 ed.

111 777 199 843 Med,
226 779 260 830 od
277 780 436 832 moliendum
456 773 510 828 Coi.
531 793 551 829 c.
572 774 691 840 Amen,
716 780 891 832 amoliendum
908 786 979 832 recte
996 779 1110 847 lineam„
1135 799 1212 852 qoem

110 883 274 950 posteriores
292 884 373 934 renuti
392 889 458 934 aunt.
491 880 548 933 bion
566 857 773 950 “tuterapiu
799 867 852 946 (ιιιιΙ
867 899 882 935 a
900 899 920 935 ι.
939 899 971 936 ιιι.
997 887 1138 956 superscr.)
1162 887 1212 941 iert

87 971 164 1038 fidia.
201 968 239 1023 111.
258 973 306 1023 iata
323 968 446 1037 reperitur
463 969 538 1020 etiarn
556 969 582 1019 1ιι
601 970 693 1020 oeteria
709 967 821 1022 dionaeo.
858 969 885 1022 L.
904 986 958 1040 aeq.
979 977 1146 1042 conplurium
1163 991 1212 1044 pro

32 1109 34 1118 .
112 1058 184 1127 vulp.
205 1060 380 1130 comptor-iota
398 1071 420 1108 o.
440 1055 481 1106 od.
500 1053 555 1106 Coi.
574 1054 746 1122 praebuerunt
765 1055 840 1108 codd.
860 1055 913 1109 libe
933 1066 959 1111 et
976 1059 1027 1128 big,
1052 1080 1129 1131 qoam
1146 1068 1211 1134 για.

112 1151 187 1202 ritant
205 1153 287 1198 exstat
303 1145 329 1196 iu
347 1142 392 1194 tta.
430 1141 469 1194 De
487 1157 535 1210 qne
554 1143 742 1209 permutatione
765 1142 831 1195 coni.
852 1143 937 1196 adnot.
955 1147 989 1197 ad
1008 1145 1026 1199 1.
1046 1149 1070 1200 2.
1090 1153 1115 1216 5.
1135 1149 1166 1216 5,
1186 1153 1210 1204 6.

114 1234 232 1288 Proxime
250 1237 393 1303 dientptot
411 1231 499 1299 aoripai
519 1247 575 1282 oum
595 1229 634 1281 W.
654 1229 710 1281 diae
729 1239 755 1282 et
772 1229 819 1295 Ba,
840 1229 930 1299 quibua
949 1233 1133 1302 adstipulantur
1152 1239 1212 1293 edd.

115 1321 185 1376 con.
210 1321 400 1388 trutinaeque
424 1317 513 1381 born,
540 1320 667 1372 direntes
692 1317 818 1370 dederont
841 1318 919 1371 biaur.
944 1327 971 1372 et
988 1320 1070 1389 Gilda,
1096 1328 1213 1396 direptae

115 1408 212 1461 babent
230 1407 305 1460 oodd.
325 1405 428 1474 bibcdig
446 1413 472 1457 et
484 1403 538 1456 Boc
556 1420 605 1456 una
624 1421 681 1456 outo
698 1404 756 1456 edd.
769 1403 835 1456 ttet.
849 1405 953 1458 Aruerb.
966 1405 1074 1476 Errant,
1092 1414 1214 1483 diruptae
1275 1464 1277 1468 .

116 1502 157 1547 eat
168 1496 194 1547 in
208 1492 262 1548 cot.
293 1497 445 1564 difinitoter
458 1492 546 1545 aoribit
559 1491 601 1544 bo.
634 1491 695 1544 Turn
715 1510 775 1548 eooe
792 1509 838 1562 pro
852 1505 921 1550 terte
934 1497 1061 1550 invenitur
1073 1501 1098 1552 iu
1111 1499 1212 1570 bibcdg.

222 1615 250 1668 P.
272 1616 330 1669 193.

190 1723 214 1774 1.
240 1725 376 1778 odrieerot
393 1719 437 1773 tte.
473 1720 523 1774 Sed
548 1722 600 1774 rid.
625 1737 691 1792 queo
713 1722 800 1774 monui
825 1721 857 1774 nd
875 1721 895 1774 1.
916 1722 941 1774 1.
959 1725 983 1790 ς.
1004 1724 1036 1789 1,
1055 1724 1078 1788 1.
1114 1724 1215 1779 Deinde

118 1811 259 1866 ineeetieio
285 1818 357 1862 rante
374 1809 414 1862 W.
433 1808 494 1861 libo.
515 1809 567 1861 diei
582 1812 695 1879 itemque
715 1808 858 1862 edd'bied.
879 1807 947 1861 Coet.
966 1809 1056 1876 Rom..
1082 1814 1216 1870 invectitio

119 1895 220 1948 biabde.
239 1893 283 1947 Ba.
302 1895 401 1948 Eraam.
421 1895 508 1948 Pistor.
529 1897 607 1948 bianr.
627 1896 703 1961 Giib.,
722 1901 823 1952 invecto
843 1895 1050 1965 exemplarent..
1068 1902 1216 1958 invectione

118 1981 170 2052 big,
190 1985 302 2037 ineeetio
320 1987 397 2038 urbia
415 1981 534 2047 dmarb,
555 1984 612 2048 „vei
631 1985 724 2040 oriie“
744 1999 767 2034 a.
787 1999 819 2034 m.
839 1984 951 2050 soeculi,
972 1992 999 2036 ut
1016 1986 1132 2054 videtur,
1149 1986 1213 2040 11111.

15 2099 16 2108 ¹
119 2124 145 2174 ia
163 2135 213 2190 mg.
232 2119 280 2176 tta.
315 2121 378 2174 Tuan
396 2121 464 2174 idem
483 2123 548 2175 iiber
561 2073 626 2179 berlai:
645 2081 778 2194 epotum
803 2124 849 2192 (ex
867 2130 954 2174 motat.
973 2139 994 2175 r.
1014 2124 1062 2192 ιιι.)
1082 2129 1215 2195 stomaro

118 2213 253 2282 potitiaeet
269 2212 376 2277 itineri,
400 2210 458 2263 bibd
477 2213 536 2264 item
555 2230 604 2282 poe
622 2217 657 2281 tit
675 2232 701 2283 ρ.
721 2217 758 2276 1.,
783 2211 866 2281 bioeig
890 2227 956 2281 prae
978 2215 1013 2282 fr.
1035 2230 1061 2280 p.
1080 2215 1099 2264 i.
1145 2213 1169 2264 2.
1189 2217 1217 2268 ei

15 2371 16 2378 ἵ
119 2307 249 2367 nte-etan·
266 2296 304 2350 Bb
322 2306 348 2351 et
366 2299 425 2350 edd.
445 2299 512 2351 bied.
532 2299 609 2352 biaor.
629 2307 704 2369 etque
723 2299 798 2365 (dib,
818 2303 845 2354 ai
862 2308 977 2370 poterent
993 2296 1097 2351 dmerb.
1116 2297 1214 2352 lineam.

122 2385 189 2438 Coat.
209 2385 298 2439 Piator.
317 2385 404 2451 biorn,
429 2397 544 2458 paterent
562 2389 628 2456 (orn
645 2389 684 2452 ei)
702 2385 758 2439 Coi.
796 2386 843 2439 Pro
865 2391 892 2443 ai
907 2395 1040 2455 peteretur
1063 2385 1137 2436 codd.
1156 2385 1215 2437 bio·

16 2475 17 2484 ’
119 2487 189 2524 neoc.
210 2480 237 2525 et
253 2469 289 2523 Bt
309 2473 430 2527 exbibent
445 2478 581 2544 petebatur
605 2483 699 2542 pnooto
724 2474 880 2541 praemisso,
909 2475 1052 2526 metebantr
1069 2471 1156 2524 scribit
1174 2472 1216 2536 W,

120 2561 278 2613 metebatur
296 2560 361 2629 (aio)
388 2577 408 2614 r.
427 2577 459 2612 ru.
485 2562 516 2614 ad
543 2577 593 2630 ung.
618 2561 711 2614 adiecit
735 2563 760 2612 io
779 2560 827 2612 bia.
867 2560 892 2612 3.
912 2569 936 2614 et
953 2573 1003 2610 om.
1022 2557 1067 2610 tte.
1110 2558 1171 2610 tat
1190 2561 1215 2612 5.

120 2645 186 2699 eioie
204 2643 278 2698 codd.
299 2662 396 2715 omnen,
414 2652 493 2704 eiieie
505 2649 590 2718 vulgo.
628 2649 727 2703 Pro’de
738 2667 788 2704 eoo
802 2647 843 2718 big
854 2648 932 2718 babet
949 2650 980 2702 do
992 2656 1045 2702 too.
1082 2647 1106 2698 5.
1125 2651 1217 2702 midae

120 2729 161 2797 W,
180 2733 240 2785 item
259 2751 297 2804 pr.
312 2735 361 2802 bia,
379 2737 405 2787 in
424 2752 473 2805 quo
492 2751 512 2788 r.
531 2753 569 2808 ιιι,
580 2736 680 2789 reduxit
693 2739 788 2800 inedia,
810 2736 877 2804 quod
896 2734 989 2802 iegitur
1000 2736 1076 2788 etiam
1088 2735 1112 2786 in
1126 2735 1217 2787 cetaria

121 2818 233 2872 dionaeo.
278 2821 302 2874 6.
321 2826 434 2896 inperiis
454 2822 485 2874 W
503 2832 529 2875 et
547 2823 602 2890 bia,
631 2827 683 2894 inp.
702 2839 751 2893 per
768 2824 902 2892 compend.
922 2821 1008 2875 bibet
1025 2821 1077 2888 Bo,
1095 2825 1218 2892 impertit

122 2907 169 2972 tte,
187 2917 215 2960 ut
232 2908 291 2962 edd.
310 2910 389 2963 biaur.
409 2919 435 2963 et
453 2909 529 2976 Giib.,
548 2915 610 2982 imp.
630 2927 678 2979 per
696 2911 831 2979 compend.
852 2905 909 2964 bida
928 2919 954 2962 et
972 2909 1025 2962 Bab
1044 2927 1067 2964 o.
1086 2910 1127 2963 ed.
1140 2909 1217 2974 ded..

17 2995 18 3034 t
121 2997 243 3062 impar-tir
262 2995 364 3052 bmerb.
384 2999 480 3052 Eraam.
500 2998 568 3052 Coat.
594 3000 683 3052 Pistor.
710 2999 797 3066 bom..
825 3002 971 3068 impertiria
999 2998 1042 3051 vel
1067 3001 1234 3070 impartitio

123 3081 187 3150 big,
209 3085 359 3152 impertiria
383 3089 448 3138 coni.
485 3089 616 3141 Dominio.
636 3090 725 3141 Macer
750 3087 775 3138 in
800 3086 889 3140 Latinii
914 3085 1070 3139 Bibliotheca
1097 3103 1162 3139 aacr.
1190 3093 1217 3138 et

123 3170 187 3237 proi.
215 3169 286 3224 Tom.
298 3169 317 3224 1.
335 3189 360 3241 p.
375 3173 433 3226 132.
454 3173 501 3227 ool.
518 3175 553 3226 1.Ι

191 3279 216 3344 s.
236 3275 287 3342 50,
307 3278 330 3330 1.
353 3280 423 3332 enim
445 3293 495 3332 om.
515 3276 568 3344 Bh,
597 3279 700 3356 urenae
721 3289 810 3352 pateat
834 3281 903 3334 enirn
926 3283 991 3336 otiie
1014 3297 1076 3336 erae
1104 3280 1219 3334 toribuot

125 3363 228 3432 bibcdg‚
256 3367 321 3420 ettilo
342 3376 394 3436 pot.
418 3383 480 3422 erae
503 3366 581 3420 babet
606 3367 648 3440 od,
666 3365 739 3432 cot,
763 3377 817 3438 pot
842 3383 904 3422 erae
927 3370 992 3422 otite
1013 3367 1080 3421 died.
1115 3367 1176 3420 Turn
1194 3376 1220 3422 et

125 3455 228 3522 quantia
246 3449 291 3504 lia.
328 3451 405 3508 3-4.
424 3456 567 3524 dimittere]
586 3454 623 3508 ita
643 3454 717 3507 codd.
737 3454 769 3505 W
788 3461 814 3506 et
832 3453 955 3519 dionaeo,
974 3457 1091 3509 omittere
1105 3452 1174 3506 Bnbc
1194 3470 1217 3508 c.

126 3539 204 3593 editia.
249 3540 274 3593 1.
300 3544 428 3613 epeototie
457 3541 555 3610 Mabog.
601 3542 641 3594 De
669 3542 856 3612 permutatione
883 3540 935 3594 vid.
964 3541 996 3593 ad
1015 3540 1032 3594 t
1054 3541 1077 3594 1.
1096 3544 1121 3608 §.
1142 3541 1174 3608 t,
1193 3541 1218 3595 t.

125 3633 247 3700 spretore
259 3629 380 3683 exhibent
392 3629 469 3682 bicdi.
505 3630 569 3683 Dein
588 3633 728 3702 oportonie
746 3628 929 3682 codd-omues
942 3637 969 3680 et
981 3629 1039 3682 edd.
1053 3629 1106 3683 Col.
1120 3629 1218 3682 lineam.

126 3711 212 3770 Pistor.
235 3717 324 3785 Rom,
352 3707 452 3788 opport.
480 3719 633 3787 exemplaria
660 3717 715 3768 reil.
750 3716 805 3768 Vid.
833 3716 920 3769 adnot.
948 3717 979 3769 ad
998 3717 1017 3770 Ι.
1036 3718 1060 3770 t.
1079 3721 1105 3784 §.
1124 3719 1174 3782 23,
1192 3717 1217 3770 6.

127 3804 245 3940 Wotigue
271 3807 411 3876 opertoria
438 3813 520 3858 exatat
546 3806 572 3856 iu
599 3803 643 3856 be.
692 3803 754 3856 Tutn
781 3807 969 3875 eopirootibna
996 3814 1165 3860 commeatum
1190 3807 1219 3858 in

129 3889 167 3940 ed.
208 3889 240 3941 ol.

195 4000 219 4062 ς.
240 3997 283 4062 51,
301 3998 326 4054 3.
342 4004 437 4058 ioeore
456 4029 487 4040 -
505 4002 662 4054 niaietrera
678 3997 754 4050 oodd.
774 3997 814 4052 W.
835 3997 946 4050 dionaeo.
971 4006 997 4051 et
1014 3997 1085 4065 Bab,
1111 3998 1218 4068 quibua·

128 4100 181 4140 tunt
200 4086 345 4153 canapinam
363 4088 422 4140 edd.
444 4088 545 4142 Anterb.
570 4095 724 4155 ceteraeque
742 4085 879 4141 birotinum
905 4087 1104 4152 antecedentes,
1128 4090 1221 4142 iunoni

129 4203 159 4232 .-
177 4176 332 4229 naieietrore
348 4172 385 4230 Bt
409 4186 436 4232 et
460 4177 500 4232 td.
521 4173 593 4240 Col..
619 4178 711 4232 iuvari
734 4203 769 4216 -
795 4178 947 4231 ariniatrori
968 4173 1033 4228 tted.
1057 4173 1134 4227 bieor.
1154 4173 1218 4228 Giib.

128 4261 152 4341 (¹⁹
171 4270 263 4337 tonat.
282 4277 315 4340 nt.
334 4263 510 4338 aupeteoripait
526 4263 553 4324 in
571 4260 612 4318 W.
646 4259 696 4318 Pro
715 4278 779 4338 opto
804 4261 900 4322 ibidem
923 4261 1015 4318 omitto
1038 4261 1129 4318 eadem
1146 4277 1166 4316 r.
1186 4275 1219 4318 tn·
