2932 4700
201 333 245 398 84
649 330 677 384 S.
694 327 849 384 AMBROSII

202 511 262 558 non
285 500 402 572 tamen,
424 497 456 555 ut
475 491 516 554 itti
538 491 661 558 ditiores
678 509 716 556 ec
732 492 797 556 fieri
819 491 927 572 velint,
952 487 1033 571 quod
1055 495 1087 554 tu
1108 497 1197 573 potes
1219 507 1297 554 con-

201 606 282 670 ierro
304 605 461 687 inopinum
485 621 574 668 causa
597 605 674 668 enim
697 610 837 686 praestat,
860 621 922 668 oon
944 602 1049 686 gratia
1087 603 1195 686 Neque
1219 603 1297 668 onim

199 727 360 802 propterea
389 726 420 782 te
444 719 563 783 domino
594 716 715 796 dicasti,
745 723 778 779 ut
809 723 877 782 tuos
909 714 1015 779 divites
1047 714 1159 796 factm,
1189 715 1244 780 sed
1266 721 1298 778 ut

199 835 289 896 vitam
320 835 372 897 tibi
400 838 575 915 perpetuam
609 829 708 894 iructu
737 830 809 892 boni
840 830 942 910 operis
974 826 1114 910 adquiras
1146 837 1176 894 et
1199 829 1296 912 pretio

199 947 399 1010 miserationis
432 953 554 1029 peccata
576 944 705 1011 redimas
728 953 787 1008 tua.
831 945 937 1008 Putant
960 961 994 1008 se
1016 961 1121 1026 pamm
1143 944 1296 1028 poscere?

96 1045 106 1053 ’
199 1063 328 1125 Pretium
352 1068 433 1124 tuum
457 1067 619 1144 quaerunt,
653 1061 731 1124 vitae
754 1067 822 1122 tuae
847 1058 976 1124 fructum
1003 1043 1135 1122 adimere
1165 1064 1296 1124 couten-

200 1175 288 1254 dunt,
319 1180 350 1236 et
371 1191 406 1236 se
427 1175 504 1238 iuste
535 1175 637 1238 facere
665 1179 775 1256 putant.
820 1172 858 1235 Et
889 1178 1009 1236 decusat
1040 1171 1121 1254 quod
1149 1189 1217 1236 eum
1247 1169 1296 1232 di-

198 1289 289 1351 vitem
318 1305 379 1350 non
403 1287 531 1368 iecoris,
562 1307 628 1351 oum
651 1294 681 1350 te
705 1287 753 1350 itte
776 1286 848 1350 velit
881 1293 1023 1350 aeternae
1049 1285 1128 1348 vitae
1156 1283 1296 1348 fraudare

198 1399 346 1465 mercede.

289 1508 360 1575 151.
389 1511 565 1598 'Consilium
588 1513 796 1594 prompsimus,
818 1513 1025 1575 auctoritatem
1048 1518 1191 1594 petamus.
1227 1510 1295 1572 Pri-

76 1621 79 1630 '
198 1642 275 1686 mum
298 1625 445 1686 nemiuem
469 1623 558 1688 debet
586 1624 720 1704 pudere,
750 1626 776 1686 si
799 1644 838 1686 ex
861 1624 953 1688 divite
986 1643 1101 1706 pauper
1129 1624 1195 1703 dat,
1226 1622 1295 1687 dum

197 1735 323 1816 largitur
344 1736 485 1816 pauperi,
517 1735 586 1816 quia
609 1735 742 1798 Christus
771 1753 885 1817 pauper
908 1736 1002 1800 iactus
1025 1743 1090 1816 est,
1121 1755 1188 1800 eum
1208 1735 1294 1798 dives
1362 1731 1368 1740 ’

198 1853 294 1928 esset,
326 1853 357 1910 ut
381 1863 485 1911 omnes
509 1865 562 1910 sua
584 1848 684 1928 inopia
708 1847 822 1912 ditaret.
843 1845 872 1932 ¹)
916 1848 1006 1911 Dedit
1027 1850 1177 1932 regulam,
1207 1867 1295 1931 quam

197 1979 375 2042 sequamur,
412 1967 445 2024 ut
476 1962 554 2026 bona
589 1964 664 2026 ratio
699 1963 737 2026 sit
769 1963 910 2026 exinaniti
944 1963 1130 2045 patrimonii;
1168 1963 1194 2027 si
1228 1963 1294 2044 quis

196 2093 363 2157 pauperum
386 2074 493 2138 iamem
515 2075 661 2157 reppulit,
687 2075 816 2155 inopiam
838 2075 1012 2139 sublevavit.
1058 2074 1143 2138 Unde
1166 2081 1196 2138 et
1218 2093 1296 2139 coa-

200 2189 308 2250 siliam
330 2189 364 2250 im
390 2190 451 2251 doc
474 2189 532 2265 do,
564 2189 718 2270 apostolus
744 2187 814 2251 dicit
830 2185 881 2274 ²];
913 2191 971 2253 trac
1000 2190 1082 2250 emim
1111 2189 1199 2252 vobis
1220 2187 1296 2254 atita

197 2310 252 2378 est,
276 2310 312 2363 at
336 2300 494 2365 Christum
516 2301 684 2362 imitemini.
726 2300 888 2364 Consilium
911 2301 999 2364 bonis
1023 2299 1118 2380 datur,
1143 2300 1294 2383 correptio

198 2423 334 2478 errantes
368 2421 498 2479 coercet.
544 2413 680 2494 Denique
711 2416 795 2495 quasi
828 2416 916 2479 bonis
949 2415 1035 2477 dicit:
1053 2411 1086 2497 ³)
1118 2414 1201 2488 Quia
1231 2432 1296 2476 aaa

197 2536 317 2590 tamtum
346 2528 474 2606 facere,
506 2527 563 2590 sed
591 2536 622 2589 et
649 2529 729 2590 aelle
759 2530 907 2609 coepistis
939 2529 978 2593 ab
1006 2547 1090 2592 camo
1114 2529 1295 2608 praeterito.
1343 2557 1349 2567 ·

194 2640 401 2704 Perieetorum
432 2647 589 2721 utrumque
621 2648 682 2722 est,
712 2659 773 2704 aon
797 2659 875 2723 pars.
921 2643 1022 2723 ltaque
1052 2642 1142 2706 docet
1163 2649 1194 2705 et
1215 2641 1296 2705 libe·

195 2753 340 2817 natitatem
372 2754 438 2817 sine
468 2754 668 2817 benivolentia
702 2762 732 2817 et
761 2755 993 2819 benivolentiam
1024 2757 1090 2819 sine
1120 2755 1295 2820 liberalitate

195 2884 257 2929 non
285 2885 355 2931 esse
384 2866 555 2948 perfectam.
600 2867 685 2930 Unde
708 2867 745 2930 ad
767 2866 932 2950 perieetum
961 2869 1096 2932 hortatur
1127 2868 1245 2932 dicens:
1262 2863 1295 2949 ⁴)

196 2979 288 3042 Numa
310 2999 385 3061 erpo
401 2987 431 3041 et
442 2981 552 3060 [acere
575 2987 796 3057 consummate,
820 2987 856 3042 ut
877 2981 1130 3060 quemadmodum
1149 2986 1297 3061 prompta

198 3099 245 3154 est
266 3093 301 3152 ia
322 3092 413 3154 nabis
434 3091 581 3155 calcatas
603 3092 763 3171 scatendi,
795 3094 841 3156 ita
863 3095 906 3156 sit
928 3094 1162 3176 superpetenti·
1184 3113 1225 3156 aa
1247 3111 1294 3170 aa,

196 3205 282 3286 quod
304 3205 436 3269 dabatis.
483 3204 518 3266 Si
537 3208 617 3268 enim
638 3208 784 3275 vetustas
805 3217 952 3288 prompta
974 3216 1035 3286 cst,
1058 3207 1228 3274 secandum
1249 3207 1295 3286 id,

196 3319 280 3399 qaod
300 3318 410 3397 dabat,
443 3327 601 3400 acceptum
623 3330 688 3400 ast,
718 3341 783 3387 acm
806 3323 976 3387 secumdum
1004 3323 1088 3403 qaod
1109 3341 1173 3386 aaa
1195 3320 1294 3385 habet.

196 3432 268 3496 Noa
284 3433 365 3494 enim
380 3439 415 3495 at
428 3433 504 3496 otiis
519 3431 649 3511 refectio
672 3435 733 3512 sit,
756 3435 847 3498 nobis
869 3441 970 3498 autam
993 3435 1152 3517 amatia,
1176 3435 1233 3498 ssd
1254 3453 1296 3497 aa

197 3546 405 3626 aequalitats;
428 3547 462 3608 im
480 3548 540 3610 doc
558 3554 692 3627 tempore
714 3556 822 3611 castra
844 3547 1044 3612 abundantia
1058 3549 1101 3611 sit
1115 3547 1159 3610 ud
1171 3546 1297 3612 ttomm

198 3658 353 3736 inopiam,
381 3667 417 3719 ut
437 3666 468 3721 et
489 3657 615 3720 iliorum
637 3657 834 3722 adumdamtia
856 3658 900 3722 sit
923 3661 966 3722 ad
987 3666 1122 3723 cestram
1143 3659 1294 3740 inoptam

196 3778 233 3830 at
255 3771 315 3848 {iet
347 3771 541 3851 aequalitas,
571 3770 656 3832 sieut
685 3771 836 3850 scriptam
869 3780 935 3834 ast:
971 3770 1032 3846 Qui
1058 3773 1203 3851 multum,
1231 3790 1296 3836 mom

200 3880 390 3944 abundavit:
415 3890 447 3945 at
468 3883 522 3962 qui
543 3883 713 3960 modicum,
736 3902 801 3948 aaa
822 3885 1000 3948 minoravit.

198 4032 407 4044 —-—-—

270 4121 300 4190 1)
318 4119 343 4173 a.
357 4117 414 4176 aar.
427 4120 453 4189 s,
467 4122 491 4175 a.
563 4122 593 4190 a>
611 4121 675 4177 ura.
690 4140 716 4179 v.
736 4122 777 4177 ro.
848 4121 878 4192 a)
896 4079 988 4177 nra'
1031 4124 1062 4193 4)
1079 4123 1143 4182 nra.
1156 4141 1181 4182 v.
1195 4125 1226 4181 rr
1240 4141 1294 4198 seq.
