2932 4700
423 355 469 411 911
488 353 623 412 urricus
641 356 863 414 umumoaurt
879 355 977 412 LIBER
994 357 1014 412 1.
1219 358 1261 426 63

259 515 311 584 89.
354 519 486 584 Humiles
508 535 579 584 ease
601 519 701 602 decet,
723 520 823 601 mites,
845 525 1032 600 mansuetos,
1055 537 1182 603 graves,
1204 538 1261 603 pa·

170 632 297 712 tientes,
327 633 446 698 modum
469 639 573 696 terrere
594 633 625 698 in
648 633 799 713 omnibus,
827 640 860 698 ut
881 633 993 698 nullum
1015 635 1115 700 vitium
1137 652 1208 728 esse
1229 633 1260 698 in

171 746 304 810 moribus
326 747 375 812 vei
397 748 501 812 tacitus
523 748 621 814 vultus
644 747 693 812 vel
715 766 815 815 senne
838 749 997 814 adnuntiet

568 997 739 1064 CAPUT
771 1001 864 1066 XXI.

170 1163 335 1230 iracundiam,
353 1166 494 1232 priusquam
514 1161 616 1229 oriatur,
636 1165 852 1232 praecavendam3
871 1167 893 1218 ri
912 1165 1001 1218 oborta
1016 1165 1100 1234 inerit,
1118 1168 1260 1236 reprimen-

171 1253 228 1305 dam
252 1269 282 1304 ec
306 1252 482 1320 mitigandam
507 1251 528 1302 ui
552 1267 600 1303 nec
625 1251 649 1303 id
675 1252 781 1321 adsequi
804 1253 847 1305 val
882 1255 973 1320 rimus,
1000 1253 1109 1324 linguam
1134 1255 1222 1308 saitem
1245 1271 1261 1307 a

170 1341 290 1392 conviciis
310 1337 487 1405 coercendam,
506 1347 534 1392 ut
551 1341 600 1390 rint
616 1347 700 1392 motus
716 1342 794 1392 nostri
806 1357 839 1408 pu
879 1340 938 1392 lium
950 1343 1145 1394 commotionum
1156 1341 1260 1394 similer.

170 1426 271 1481 Dictum
289 1426 419 1496 Archytae
436 1434 590 1480 memoretur
607 1428 799 1498 ostenditurque
817 1426 942 1481 Davidem
959 1429 1009 1496 ipsi
1027 1427 1075 1482 bae
1091 1431 1117 1480 in
1135 1443 1164 1482 re
1188 1428 1261 1482 iactis

563 1523 589 1568 et
608 1517 706 1584 seriptis
722 1517 868 1583 praeivisse.

256 1655 307 1724 90.
352 1656 498 1722 caveatur
525 1656 677 1722 iracundia
706 1666 773 1738 aut,
803 1659 829 1723 si
858 1659 1032 1743 praecaveri
1061 1677 1122 1724 non
1152 1665 1261 1742 potest,

170 1769 360 1846 cohibeatur3
389 1770 464 1832 mala
494 1771 572 1833 enirn
602 1768 684 1832 inlex
705 1772 818 1852 peceati
841 1771 1004 1856 indignatio
1027 1780 1090 1854 est,
1121 1793 1198 1856 quae
1221 1775 1261 1840 ita

169 1885 296 1948 animum
318 1883 487 1966 perturbat,
520 1889 552 1945 ut
581 1882 689 1946 rationi
718 1901 779 1946 non
807 1885 955 1965 relinquat
984 1884 1089 1950 locum.
1132 1886 1260 1950 Primum

169 2005 216 2062 cst
237 1999 342 2082 igitur,
366 1998 393 2062 si
413 1997 479 2060 iicri
501 2002 616 2078 petest,
640 2003 672 2058 ut
693 2016 808 2060 morum
830 1998 1021 2079 tranquillitas
1043 2015 1100 2062 usu
1122 2000 1259 2082 quedam,

169 2111 343 2190 affectione,
374 2112 546 2194 proposito,
579 2111 608 2172 in
638 2115 771 2174 naturam
797 2117 939 2176 vertatur.
984 2112 1099 2177 Deinde
1121 2115 1260 2194 quoniam

169 2226 208 2290 ita
229 2228 404 2308 plerumque
426 2229 522 2289 mutus
546 2223 653 2288 infixus
676 2229 723 2286 cst
745 2230 867 2287 naturae
888 2242 924 2287 ao
947 2226 1095 2307 moribus,
1118 2235 1150 2290 ut
1172 2227 1260 2291 evelli

169 2349 258 2422 atque
280 2340 385 2404 evitari
406 2357 467 2404 nen
490 2343 593 2420 queat,
618 2339 643 2402 si
665 2339 833 2419 praevideri
854 2339 997 2421 potuerit,
1020 2343 1135 2406 ratione
1158 2343 1259 2425 repri-

168 2463 272 2518 matur.
316 2453 377 2517 Aut
404 2455 431 2518 si
452 2454 534 2534 prius
557 2458 718 2535 occupatus
741 2451 831 2516 fuerit
852 2454 965 2518 animus
988 2454 1024 2518 ab
1047 2453 1259 2538 indignatione,

169 2587 256 2652 quam
283 2568 406 2634 consilio
433 2567 564 2650 prospici
585 2585 620 2630 ae
642 2565 794 2649 provideri
815 2569 961 2649 potuerit,
992 2577 1259 2652 rememoretur,

168 2679 311 2746 meditere
341 2680 492 2763 quomedo
521 2686 629 2745 metum
651 2681 739 2744 animi
762 2681 804 2744 tui
825 2683 947 2762 vincas,
977 2683 1156 2748 iracundiam
1179 2691 1259 2747 tenr-

168 2814 266 2878 peres.
317 2795 434 2860 Resiste
466 2796 547 2875 irae,
579 2795 605 2857 si
636 2800 740 2876 potes;
775 2793 866 2874 cede,
899 2797 926 2858 si
958 2813 1019 2860 non
1052 2802 1155 2878 potos,
1190 2797 1260 2877 quia

168 2911 309 2992 seriptum
331 2918 394 2974 est:
415 2906 443 2992 ¹)
467 2909 547 2972 Dete
570 2908 671 2972 iocum
693 2909 770 2970 irae.

255 3021 305 3088 91.
343 3023 431 3087 Iacob
454 3003 538 3085 fratri
561 3022 725 3106 indignanti
747 3023 796 3105 pie
819 3023 910 3086 cessit
927 3028 957 3086 et
970 3023 1134 3105 Rebeccae,
1157 3025 1257 3106 idest,

168 3139 327 3220 patientiae
363 3138 523 3201 instructus
560 3136 686 3200 consilio
725 3136 832 3200 abesse
866 3138 966 3202 meluit
999 3145 1029 3201 et
1062 3139 1258 3222 peregrinari,

168 3270 256 3334 quam
278 3252 408 3316 excitare
432 3250 531 3316 iratris
546 3250 777 3334 indignationem
794 3259 824 3316 et
839 3259 909 3316 tunc
923 3252 1034 3332 redire,
1056 3273 1122 3317 cum
1138 3252 1258 3318 fratrem

167 3366 327 3450 mitigatum
349 3371 473 3447 putaret.
487 3361 518 3448 ²)
558 3364 594 3426 Et
616 3363 684 3428 ideo
707 3370 815 3428 taniam
837 3364 915 3446 apud
938 3364 1025 3429 deum
1047 3368 1160 3430 invenit
1181 3387 1256 3452 gra-

166 3455 261 3544 tiam.¹
297 3479 410 3572 Quibus
440 3478 548 3542 deinde
579 3479 749 3560 obsequiis,
783 3480 899 3560 quantis
932 3481 1101 3544 muneribus
1135 3480 1257 3545 fratrem

166 3594 262 3676 ipsum
283 3593 485 3659 reconciliavit
506 3593 579 3674 sibi,
609 3600 641 3657 nt
669 3593 719 3656 ille
747 3598 923 3675 praereptae
952 3593 1166 3659 benedictionis
1194 3613 1256 3661 nen

166 3708 358 3788 meminisset,
380 3708 563 3772 meminisset
585 3706 699 3771 delatae
721 3706 956 3774 satisfactionis?
972 3706 1005 3794 ³)

254 3819 305 3888 92.
342 3821 424 3907 Ergo
446 3823 473 3888 ei
493 3824 685 3904 praevenerit
707 3829 737 3886 et
754 3824 1019 3904 praeoccupaverit
1034 3830 1162 3888 mentem
1176 3830 1256 3888 tuam

166 3934 316 4000 iracundia
350 3942 380 3998 et
413 3935 583 4001 ascenderit
614 3937 645 4000 in
679 3942 725 4017 te,
762 3954 823 4000 non
856 3936 1006 4020 relinques
1036 3939 1134 4005 locum
1164 3948 1254 4006 tuum.

176 4089 374 4100 ——n--n-——n-

238 4177 264 4245 1)
283 4177 355 4232 Rom.
376 4177 418 4246 12,
437 4178 477 4232 19.
549 4178 578 4245 2)
597 4177 658 4231 Gen.
677 4176 720 4245 2⁷,
740 4179 775 4235 12
792 4196 845 4251 seq.
915 4181 945 4249 3)
963 4181 1025 4238 lbid.
1044 4181 1088 4251 32,
1106 4183 1122 4237 3
1139 4200 1193 4255 seq.
