2976 4706
418 383 463 436 llll
483 381 619 438 osaicns
638 380 858 438 slnlstuoltttll
876 381 971 436 LIBER
989 383 1020 437 11.
1202 384 1259 452 {41

169 541 302 606 Praestat
332 550 430 606 nmen
459 543 547 606 lidele
578 545 646 607 iusti
676 544 829 608 consilium
851 545 907 608 viri
931 549 961 608 et
983 542 1190 626 sapientissimi
1213 543 1263 606 in-

170 655 261 736 genio
285 654 460 738 frequenter
482 655 709 740 praeponderat.
750 657 846 720 Utilia
862 654 889 739 ¹)
911 658 993 718 enim
1011 658 1144 719 cutneru
1159 658 1262 736 amici,

170 787 261 848 punam
284 771 418 832 eliorum
441 769 559 832 oscula.
605 769 719 832 Deinde
750 771 818 851 quia
850 769 918 834 iusti
945 769 1083 834 iudicium
1115 776 1178 850 est,
1209 787 1263 833 sa-

169 883 277 964 pientis
299 889 396 946 autem
420 889 643 966 argumentum3
677 885 704 945 in
729 883 780 947 illu
804 901 929 948 censura
962 879 1200 965 disceptationis,
1233 884 1261 946 iu

169 995 229 1060 boc
252 997 394 1060 calliditas
419 999 605 1061 inventionis.

257 1111 307 1178 51.
350 1111 485 1187 Quodsi
509 1120 665 1195 utrumque
689 1119 838 1191 consutas,
863 1114 918 1175 erit
941 1131 1047 1196 magna
1071 1111 1265 1176 consiliorum

169 1227 343 1306 salubritas,
376 1245 453 1308 quae
477 1227 513 1288 ab
537 1228 685 1290 universis
708 1233 859 1307 spectatur
883 1227 1076 1292 admiratione
1099 1227 1262 1308 sapientiae

170 1349 201 1406 et
223 1359 326 1406 amore
349 1343 491 1421 iustitiae,
522 1347 553 1404 ut
576 1360 680 1406 omnes
703 1350 846 1424 quaerant
869 1343 972 1406 audire
995 1342 1166 1424 sapientiam
1198 1342 1261 1406 eius

169 1458 241 1535 viri,
273 1457 302 1518 in
334 1474 393 1536 quc
423 1457 578 1538 utriusque
610 1458 724 1520 virtutis
754 1458 858 1540 copula
890 1458 943 1535 sit,
963 1455 1052 1520 'sicut
1081 1456 1263 1538 quaerebant

170 1588 272 1634 omnes
295 1587 385 1651 reges
408 1575 506 1632 terrae
533 1571 634 1635 videre
657 1570 763 1634 faciem
780 1570 946 1636 Salomonis
969 1577 998 1632 et
1022 1571 1124 1634 audire
1139 1572 1261 1654 sapien-

170 1686 237 1746 tiam
260 1685 342 1763 cius,
369 1684 408 1744 ita
431 1689 463 1743 ut
485 1689 515 1744 et
537 1683 613 1746 Saba
636 1682 741 1765 regina
764 1684 881 1746 veniret
902 1682 938 1744 ad
963 1700 1030 1746 eum
1055 1690 1084 1746 et
1106 1689 1262 1765 temptaret

169 1817 237 1864 euru
259 1801 289 1860 in
309 1797 539 1879 quaestionibus.
589 1799 629 1860 Et
651 1799 735 1859 uenit
752 1795 783 1880 ²)
807 1806 837 1858 et
859 1798 964 1860 omniu
988 1799 1093 1860 locuta
1115 1807 1161 1860 est
1182 1815 1261 1878 quae

169 1913 300 1976 babebat
321 1913 354 1974 in
375 1910 469 1973 eorde
492 1929 567 1987 sno,
602 1919 632 1971 et
660 1911 785 1971 audiuit
813 1929 930 1972 omnem
958 1912 1146 1989 sapientium
1169 1911 1260 1974 Salo-

169 2030 279 2106 monis,
304 2047 360 2090 nec
382 2027 478 2090 ullum
499 2025 626 2088 verbnm
644 2026 831 2104 praeterivit
853 2044 928 2086 eam.

255 2140 305 2206 52.
345 2142 428 2216 Quae
451 2140 488 2203 sit
511 2140 576 2216 ista,
599 2157 686 2221 quam
710 2139 781 2201 nibil
805 2145 982 2221 praetereat,
1004 2156 1061 2200 nec
1083 2139 1120 2200 sit
1142 2137 1259 2217 aliquid,

170 2256 251 2338 quod
273 2257 302 2318 ei
325 2273 385 2320 non
410 2253 626 2316 adnuntiaverit
648 2270 739 2314 verus
755 2252 911 2329 Salom0n3
935 2267 1095 2334 cognosce,
1120 2269 1138 2314 ο
1160 2251 1260 2330 bomo,

170 2387 211 2432 ex
233 2369 294 2448 bis,
327 2387 404 2451 quae
428 2366 510 2429 audis
534 2367 722 2449 loquentem:
760 2366 939 2442 Veronensi,
963 2367 1072 2447 inquit,
1089 2363 1122 2451 3)
1149 2385 1259 2445 sermio,

170 2501 258 2564 quarn
285 2485 394 2546 audivi
425 2483 459 2544 in
490 2492 576 2544 terra
605 2501 673 2543 meu
704 2481 742 2542 de
772 2480 966 2543 sermonibus
987 2480 1050 2543 tuis
1073 2489 1103 2542 et
1124 2480 1161 2543 de
1180 2500 1259 2562 pru-

169 2598 275 2660 dentia
298 2606 368 2675 lun,
403 2606 432 2659 et
455 2617 518 2662 non
541 2598 661 2661 credidi
684 2597 750 2673 bia,
785 2597 839 2677 qut
867 2595 1010 2660 dicebant
1038 2596 1130 2674 mibi,
1162 2598 1261 2661 donec
1326 2579 1328 2591 ¹

169 2715 241 2774 ceni
268 2721 297 2774 et
323 2713 470 2775 ciderunt
496 2714 580 2777 oculi
607 2714 682 2786 mei;
713 2721 743 2774 et
771 2732 852 2776 nnnc
879 2732 943 2775 nun
973 2720 1018 2774 est
1045 2730 1104 2772 nec
1132 2712 1261 2774 dimidia

170 2827 293 2908 puidam
319 2845 399 2906 pars
428 2826 596 2888 secundum
626 2845 682 2901 eu,
715 2843 793 2906 quae
817 2823 1046 2887 adnuntiabunt
1065 2825 1146 2887 mibi.
1191 2824 1259 2887 Ad-

166 2940 303 3021 pcsnisti
336 2940 420 3003 bona
451 2958 546 3018 saper
580 2940 702 3016 omniu,
741 2958 821 3020 qnae
859 2939 966 3001 andivi
999 2938 1033 2999 in
1066 2946 1152 3004 tarn
1183 2959 1258 3004 mec.

170 3053 287 3116 Beatae
309 3053 452 3115 naulieres
475 3060 547 3114 tuce
570 3061 599 3113 et
620 3051 704 3113 beuti
720 3052 813 3132 pueri
836 3052 899 3128 tui,
932 3053 986 3131 qui
1015 3049 1171 3116 adsistunt
1192 3053 1258 3131 tibi,

170 3168 224 3250 qui
254 3169 388 3231 audiunt
418 3185 533 3229 omnem
558 3165 758 3246 prudentiam
789 3174 879 3228 tuam.
925 3165 1070 3249 Intellege
1092 3167 1259 3229 convivium

171 3281 235 3343 veri
257 3279 421 3345 Salomonis
450 3285 479 3343 et
506 3297 582 3361 quae
604 3278 791 3360 adponuntur
813 3278 843 3340 in
868 3295 905 3340 ec
929 3278 1085 3357 convivio,
1118 3278 1258 3360 intellege

171 3393 321 3476 sapienter
351 3399 380 3455 et
411 3393 584 3472 considera,
617 3393 647 3455 in
678 3409 736 3474 qua
768 3399 846 3454 terra
880 3391 1074 3474 congregatio
1108 3391 1257 3454 nationum

170 3477 296 3570 audient
318 3506 421 3569 lamam
443 3505 604 3587 sapientiae
627 3523 718 3568 verae
741 3509 830 3586 atque
851 3502 979 3565 iustitiae
1004 3508 1033 3565 et
1062 3502 1167 3584 quibus
1191 3519 1258 3564 eum

171 3620 278 3685 viderit
311 3624 421 3703 oculis,
460 3621 722 3702 contemplantibus
760 3620 860 3700 utique
899 3635 976 3699 quae
1013 3633 1073 3678 non
1111 3613 1255 3679 videntur.

172 3734 316 3810 Quoniam
339 3756 417 3819 quae
439 3737 602 3814 videntur,
635 3735 820 3814 temporatia
841 3740 930 3806 sunt:
963 3750 1042 3812 quae
1070 3738 1256 3795 autemnon

172 3849 327 3928 videntur,
352 3859 488 3914 aeterna.
505 3845 537 3933 4)

175 4018 378 4029 -ιυι-ω

243 4117 270 4182 1)
293 4115 372 4181 Prou.¹
391 4117 441 4182 27,
466 4116 489 4168 6.
559 4116 588 4180 2)
612 4113 635 4166 3.
655 4112 718 4183 liap.
744 4113 791 4178 10,
815 4112 902 4166 2-3.
973 4111 1001 4176 3)
1026 4109 1090 4162 lbid.
1114 4125 1139 4163 v.
1162 4109 1179 4160 6
1200 4125 1254 4179 seq.

155 4205 201 4295 sl)
218 4206 243 4259 2.
263 4202 320 4258 Gor.
338 4204 364 4270 4,
384 4203 425 4256 18.

103 4481 117 4538 p
