2894 4716
477 421 479 429 ’
517 423 562 480 nn
584 423 608 480 s.
628 421 829 481 nunnosron.
1119 498 1125 507 x
1156 429 1219 498 389

123 589 221 642 liraem.
239 583 329 642 Pistor.
348 585 521 641 concordante
540 587 641 655 entique
659 587 781 640 versione
799 585 901 652 butino,
927 592 957 642 ab
983 591 1070 644 eodem
1093 605 1220 658 reposco-
1286 631 1291 638 .

124 687 201 734 retor-
226 677 314 730 scribit
332 673 395 742 ea,
410 680 441 729 ob
460 691 490 729 eo
513 683 699 745 reposceretur
723 675 784 727 dent
802 674 862 728 Bbo.
888 692 909 728 o.
937 678 1030 730 ceteris
1056 676 1127 732 libris
1150 677 1219 744 vulg.

17 775 18 782 ’
125 765 201 816 7-8.
221 783 352 820 annonem
369 769 466 818 berron
485 765 588 816 inverso
607 763 695 816 ordine
713 761 791 816 Babc.

193 875 218 938 §.
236 872 318 938 44,1;
337 873 462 925 Salomon
480 868 580 938 tttctg.
617 867 676 920 ttox
693 874 825 938 frumento
843 869 887 922 Bb.
924 871 949 923 2.
968 874 1094 942 relinquit
1110 870 1157 924 Bb.
1194 871 1218 922 3.

123 965 158 1018 od
174 963 315 1016 semeiam
333 962 532 1014 emolumentum
550 967 574 1012 et
593 961 626 1012 od
643 975 834 1013 enoceeoorom
851 961 913 1013 inro
932 957 975 1012 Re.

227 1067 254 1118 P.
275 1065 334 1118 191.

193 1153 216 1208 3.
241 1158 300 1210 eine
319 1157 349 1208 in
368 1158 451 1224 copite
468 1153 507 1207 W.
528 1153 644 1222 biabeigr
658 1151 776 1217 Δωσὼ,
805 1156 832 1206 in
857 1155 941 1223 capito
964 1157 1023 1210 eine
1042 1153 1098 1206 Med
1123 1161 1149 1204 et
1167 1151 1219 1205 Bne

123 1245 300 1312 editionesque
318 1241 385 1294 ned.
404 1241 502 1293 Eresm.
523 1239 593 1292 Coot.
614 1239 701 1292 Pistor.
722 1240 795 1292 Rom.
832 1240 859 1291 ln
880 1239 976 1293 Graeco
1002 1249 1044 1300 eu
1068 1239 1099 1298 εἰς
1116 1235 1218 1304 nepotis

122 1336 167 1382 τοῦ
185 1327 364 1396 μεταδιδόντος.
399 1330 477 1380 Voce.
504 1331 635 1398 incapite
662 1335 836 1395 expunxerunt
855 1325 967 1379 Maurici.
1006 1307 1043 1383 10}
1065 1331 1111 1398 qut
1126 1331 1217 1398 paret.

122 1422 213 1489 eipont
235 1417 329 1487 iegitur
346 1419 370 1468 in
391 1415 427 1468 Bb
454 1424 480 1468 et
497 1417 521 1466 iu
542 1416 581 1466 ed.
603 1413 658 1466 Coi.
703 1416 728 1466 4.
748 1423 835 1469 antem
860 1431 907 1482 pro
929 1433 990 1486 erqo
1008 1416 1121 1468 scribunt
1139 1414 1172 1465 W
1191 1422 1217 1468 et

16 1489 18 1574 ξ
122 1507 246 1561 natones.
282 1505 405 1560 neutrum
425 1504 502 1556 nato
521 1503 569 1572 ug.
608 1503 631 1555 5.
650 1505 734 1572 sperno
751 1517 800 1554 om.
821 1501 930 1571 uneurg.

601 1677 663 1747 Cep.
686 1677 738 1730 v11.

192 1811 215 1874 §.
237 1805 280 1869 45,
301 1803 324 1856 i.
344 1807 390 1874 qni
406 1807 561 1874 pereqrinoe
580 1807 645 1858 orbo
660 1805 810 1876 prohibent]
830 1803 868 1858 Ob
891 1804 978 1857 oculos
999 1805 1087 1857 habuit
1106 1808 1217 1860 Cicero-

119 1914 178 1950 nem
197 1894 228 1944 de
248 1892 317 1944 oiiic.
334 1889 377 1942 111.
398 1891 439 1941 11.
458 1893 482 1956 §.
501 1893 543 1942 47.
580 1892 603 1942 2.
623 1895 692 1962 qnod
709 1895 829 1946 deberent
846 1893 886 1956 W,
907 1913 955 1964 qno
974 1898 1094 1948 deberent
1106 1893 1218 1947 Monacc.

121 1993 146 2034 et
165 1980 234 2046 Bab,
258 1981 317 2032 item
343 1977 401 2030 edd.
421 1977 486 2030 rtet.
506 1987 660 2048 ceteraeque
679 1988 737 2031 ante
756 1980 908 2046 Mantineae,
934 2000 983 2050 qno
1002 1985 1091 2035 debent
1109 1979 1144 2032 Bo
1168 1997 1216 2032 ona

121 2087 176 2122 cunr
203 2069 261 2120 edd.
287 2065 340 2119 cot.
359 2065 438 2118 Maur.
464 2073 539 2134 etque
559 2065 623 2117 Gilb.
661 2065 721 2118 Tum
744 2069 836 2122 inauri
852 2067 897 2120 Bc.
944 2059 974 2119 3.
996 2085 1145 2122 commones
1162 2087 1216 2138 po-

16 2205 17 2234 ,
119 2169 208 2214 enites
231 2155 272 2209 W.
297 2153 336 2206 bb'
361 2158 387 2205 et
410 2169 424 2203 a
451 2169 482 2204 nr.
508 2169 545 2220 pr.
566 2151 620 2219 Ma,
648 2154 708 2204 item
733 2154 774 2206 ed.
798 2153 863 2206 Med.
902 2155 1000 2208 Desunt
1024 2155 1102 2206 verba
1127 2172 1216 2224 seqq:

119 2252 199 2316 saeos
217 2247 337 2298 omnibns
355 2245 450 2311 partos
468 2245 580 2310 nequit,
607 2243 632 2294 in
651 2240 769 2312 Mbcdig,
796 2248 918 2298 omnibns
943 2243 1038 2296 excidit
1056 2245 1080 2294 in
1100 2244 1141 2294 ed.
1161 2241 1215 2298 cot.

16 2385 17 2410 3
120 2333 186 2386 Male
202 2334 323 2402 portibus
342 2331 368 2382 in
385 2336 464 2392 textu,
484 2329 672 2399 „veiportno“
692 2345 751 2382 em.
768 2346 787 2380 r.
804 2332 827 2381 in
841 2347 891 2399 mg.
904 2329 981 2382 behet
993 2331 1041 2382 Me.
1077 2331 1101 2381 4.
1120 2348 1215 2384 necere

120 2420 152 2470 W
177 2428 203 2471 et
221 2417 268 2470 Bb.
305 2417 362 2471 Mox
387 2432 565 2470 averruncare
590 2432 639 2466 om.
660 2414 694 2468 Bo
720 2427 744 2470 et
769 2419 809 2470 cd.
835 2415 903 2482 Coi,
929 2436 1042 2473 ooooore
1065 2417 1151 2470 scribit
1170 2417 1213 2470 Ba.

16 2559 18 2592 ἱ
119 2509 143 2560 5,
161 2505 289 2578 fnoritW
307 2513 333 2558 et
351 2503 450 2573 potia,
488 2503 512 2554 3.
527 2503 558 2554 eb
572 2505 612 2556 ixn.
633 2515 718 2558 terroe
735 2508 889 2560 ministrant
902 2505 945 2558 Ba.
976 2505 1037 2558 Tum
1056 2509 1212 2563 ilion-ari-

118 2600 193 2652 iuvat
211 2593 261 2658 Ro3
290 2596 395 2665 penoris
420 2591 480 2642 defit
498 2593 523 2642 in
542 2589 616 2656 Med,
635 2596 725 2664 penori
749 2613 799 2648 eno
824 2610 863 2661 pr.
889 2595 1025 2647 exhibebat
1043 2594 1090 2647 bia.
1127 2593 1214 2648 Altero

116 2694 201 2736 tarnen
224 2697 311 2734 manus
337 2680 448 2732 correxit
468 2687 576 2750 poneris
600 2683 652 2735 eni.
689 2679 716 2731 in
735 2696 807 2750 seqq.
827 2685 1042 2750 praepositionem
1066 2692 1123 2736 aute
1142 2702 1171 2738 ee
1188 2686 1213 2736 in

117 2773 149 2822 W
167 2772 283 2823 omissam
302 2767 341 2819 tta
365 2770 431 2821 inter
457 2785 546 2821 versus
571 2767 602 2820 eb
622 2768 654 2821 ei.
674 2787 706 2822 nr.
731 2769 816 2822 babet.
855 2771 970 2823 Proxime
995 2775 1120 2842 quidquid
1143 2782 1213 2824 recte

16 2931 17 2936 1
117 2860 164 2926 W,
182 2869 209 2910 ut
228 2857 284 2910 edd.
305 2855 372 2908 tter.
392 2857 465 2910 Rom.
485 2857 565 2908 Maur.
586 2865 612 2908 et
632 2855 714 2923 Giib.,
741 2861 860 2928 quitquid
875 2857 931 2926 ttg,
955 2861 1034 2910 ceteri
1053 2867 1137 2910 antem
1155 2859 1212 2911 libri

118 2954 144 2997 et
162 2947 248 3013 scripti
271 2955 297 2998 et
316 2929 379 3018 editt
400 2947 537 3015 quioquid,
566 2945 633 3014 quod
659 2945 824 3021 improbatur.
861 2945 917 2996 Vid.
938 2949 1037 3000 Osann.
1057 2946 1088 2998 ed
1108 2944 1159 2999 Cic.
1180 2946 1212 2998 de

118 3049 145 3086 re
163 3033 230 3101 pubi.
250 3049 275 3101 p.
294 3031 336 3084 99.
373 3032 439 3084 Dein
457 3037 600 3087 homanum
619 3030 656 3084 Bb
676 3041 702 3085 et
719 3050 757 3102 pr.
777 3032 821 3086 Bt.

188 3143 211 3206 §.
229 3139 279 3203 46,
299 3137 322 3189 1.
347 3129 401 3191 iarn
425 3153 473 3189 orn.
499 3137 600 3207 ttbcdg.
638 3138 700 3193 Tum
726 3152 851 3210 provecto
876 3141 1029 3210 (provectos
1056 3139 1102 3206 Mi)
1130 3154 1212 3200 notate

115 3232 295 3304 prooeeeieeet
311 3225 431 3278 exhibent
450 3225 508 3277 libri
521 3226 644 3294 Monaoc,
663 3232 691 3282 in
707 3239 832 3298 poeonia
850 3233 1008 3284 reeeeeioeot
1027 3237 1108 3284 aetate
1126 3230 1212 3282 scribit

116 3319 162 3370 Bh.
208 3317 232 3370 2.
259 3313 467 3367 coniunctionem
492 3325 530 3383 et,
557 3332 631 3385 quarn
656 3331 706 3368 om.
724 3316 771 3382 W,
797 3319 823 3368 in
842 3315 880 3368 Ma
905 3335 925 3369 r.
948 3334 980 3368 m.
1004 3332 1079 3384 supra
1104 3316 1209 3369 addidit.

115 3409 139 3460 3.
165 3409 251 3460 solent
269 3401 309 3453 W.
328 3401 364 3454 Bn
390 3411 416 3454 et
439 3419 477 3470 pr.
498 3401 544 3454 Ma.
591 3403 614 3455 5.
638 3407 779 3460 boiserotes
806 3407 852 3470 (ita
877 3413 903 3457 et
930 3403 1059 3472 exemplar
1083 3403 1162 3468 net.)
1187 3414 1212 3472 et

115 3497 260 3563 iorropieter
277 3493 354 3547 einos
368 3490 416 3559 ttg.
453 3489 476 3543 6.
497 3495 646 3545 consuleret
656 3491 701 3543 Ba.
735 3491 799 3544 Dein
819 3512 895 3562 qnam
913 3496 1016 3546 inmane
1034 3500 1104 3546 esset
1121 3493 1211 3559 recepi

116 3595 148 3631 ex
167 3579 223 3632 cod.
237 3578 279 3644 W,
298 3594 346 3629 nec
365 3577 439 3629 aliter
457 3594 495 3646 pr.
515 3578 648 3646 tegebatur
661 3581 686 3629 in
700 3578 753 3643 bia3
774 3598 851 3649 quom
866 3583 978 3633 immone
991 3591 1060 3634 osset
1079 3579 1139 3630 dant
1151 3579 1208 3630 cod.

116 3663 151 3717 ba
171 3675 197 3718 et
214 3666 271 3718 edd.
291 3665 388 3718 Erasm.
410 3664 479 3718 Cost.
499 3673 573 3734 etque
593 3665 682 3728 lion,
709 3684 786 3735 quom
804 3669 909 3720 isimone
932 3665 1056 3734 (immone
1073 3663 1163 3718 Pistor.
1185 3673 1210 3716 et

116 3753 232 3821 Maurini)
251 3772 312 3810 esse
330 3753 366 3806 ec
385 3754 563 3822 editionesque
582 3749 638 3804 Col.
659 3759 685 3804 et
703 3753 792 3804 Pistor.
813 3769 835 3806 c.
852 3753 941 3818 Maur,
960 3763 1011 3807 tom
1027 3757 1132 3806 inmane
1149 3766 1210 3807 esee

115 3839 172 3892 iibri
191 3839 324 3910 bibedeig,
353 3852 404 3896 torn
429 3845 541 3894 immone
566 3858 626 3896 esee
649 3840 705 3892 edd.
726 3840 793 3892 Med.
813 3848 839 3892 et
856 3839 936 3906 (titt,
962 3849 1015 3894 tom
1037 3845 1209 3895 inhnmanum

115 3943 176 3983 eree
194 3924 230 3979 bb
251 3943 273 3980 o.
292 3929 394 3983 Amerb.
430 3928 479 3982 Pro
497 3929 563 3998 vulg.
584 3931 647 3982 eiiei
665 3945 696 3980 ex
716 3928 791 3980 codd.
812 3927 870 3979 dedi
889 3932 947 3992 eici,
967 3931 1051 3982 neore
1067 3927 1144 3979 babet
1158 3925 1207 3996 big.

61 4002 69 4010 ”
115 4015 198 4068 Verba
218 4030 302 4084 teqqc
322 4036 399 4087 qoam
417 4021 545 4072 bominem
563 4045 596 4056 -
615 4019 738 4071 morienti
756 4017 847 4069 desunt
864 4017 889 4068 in
901 4013 942 4066 W.
974 4015 1091 4069 Ceterum
1105 4016 1207 4068 mirifice

115 4103 237 4157 fluctuent
259 4103 284 4158 b.
309 4103 326 4155 1.
350 4106 513 4173 manuscripti
539 4111 564 4156 et
589 4105 659 4157 editi.
696 4105 798 4174 Legitur
825 4105 891 4156 enirn
916 4122 993 4174 qnam
1018 4107 1148 4158 bominem
1172 4122 1208 4157 en

115 4195 218 4249 nomine
235 4181 334 4247 enuere
356 4193 381 4244 in
401 4191 520 4245 biabcdei
534 4201 559 4244 et
579 4191 630 4257 Ba,
657 4207 735 4264 qoam
759 4195 889 4248 bominem
907 4210 942 4246 en
960 4195 1063 4247 hominio
1080 4195 1149 4247 enni
1164 4207 1204 4259 ep.

115 4279 227 4349 amet,
248 4297 323 4355 quom
341 4283 470 4338 bominem
488 4283 639 4339 binomine
657 4284 723 4338 enni
740 4282 769 4338 ia
785 4281 842 4337 cod.
856 4279 893 4334 Bb
911 4282 1023 4353 itemque
1036 4281 1062 4335 io
1076 4279 1133 4334 edd.
1149 4277 1204 4334 Coi.
