2932 4700
511 1167 669 1262 LIBER
707 1166 913 1264 PRIMUS.

633 1379 793 1390 ——-—.-

595 1512 769 1580 CAPUT
803 1515 829 1580 Ι.

164 1676 286 1746 Episcopi
305 1679 435 1746 proprium
454 1693 543 1730 munus
561 1677 670 1743 docere3
688 1677 737 1731 ribi
755 1688 838 1732 autem
857 1678 1004 1732 discendum
1023 1693 1091 1745 eree,
1108 1686 1137 1730 ut
1150 1677 1255 1742 docem

163 1766 241 1818 immo
265 1767 341 1819 etiam
365 1765 523 1833 docendum,
554 1767 620 1838 quod
644 1784 694 1821 non
720 1767 853 1836 didicerit,
878 1776 921 1820 aut
944 1767 1032 1820 animm
1057 1775 1085 1819 et
1109 1765 1259 1822 discendunt

571 1855 644 1907 timui
662 1863 687 1907 et
705 1855 855 1909 docendum.

255 1996 281 2062 1.
316 1998 385 2064 Non
407 2016 554 2083 arrogans
576 1997 673 2062 videri
695 1999 832 2079 arbitror,
855 2000 881 2064 si
903 2001 980 2063 inter
1001 1999 1077 2064 iiiios
1099 1998 1258 2080 suscipiam

162 2110 303 2176 affectum
333 2110 479 2190 docendi,
514 2128 580 2174 eum
612 2111 676 2192 ipse
710 2111 877 2174 humilitatis
909 2111 1052 2194 magister
1085 2109 1208 2174 dixerit:
1226 2107 1257 2194 Ι)

167 2227 284 2305 Venite,
306 2227 375 2307 fittt,
399 2226 504 2289 audite
526 2245 590 2298 mc;
613 2225 750 2286 timorem
772 2225 892 2287 domini
914 2224 1030 2289 docebo
1053 2243 1126 2288 eos:
1146 2225 1177 2288 in
1197 2242 1256 2306 quo

162 2341 296 2426 linotet
329 2340 518 2403 bumilitatem
552 2336 752 2402 verecundiae
786 2339 850 2402 eius
887 2344 1023 2419 spectare
1060 2345 1091 2402 et
1123 2338 1255 2423 gratiam.

160 2450 296 2515 Dicendo
318 2452 413 2514 enim:
444 2451 583 2513 timorem
605 2450 742 2526 domini,
773 2451 823 2531 qui
853 2451 1018 2515 eommunia
1046 2453 1256 2516 videturesse

161 2567 316 2646 omnibus,
349 2565 499 2645 expressit
527 2564 646 2648 insigne
667 2563 876 2629 verecundiae.
922 2565 958 2628 Et
980 2573 1078 2632 tamen
1101 2587 1166 2632 cum
1190 2569 1255 2651 ipso

160 2681 249 2745 timor
277 2680 389 2744 initium
416 2679 579 2763 sapientiae
608 2680 647 2742 sit
673 2687 704 2743 et
733 2679 857 2744 eiiector
878 2680 1085 2762 beatitudinis,
1115 2682 1254 2765 quoniam

159 2794 297 2858 timentes
327 2792 415 2858 deum
445 2793 524 2858 beati
552 2799 637 2873 sunt,
669 2801 894 2876 praeceptorem
924 2811 959 2858 se
988 2795 1149 2876 sapientiae
1176 2795 1254 2860 edo·

159 2909 275 2974 cendae
298 2915 327 2974 et
350 2909 615 2974 demonstratorem
642 2909 833 2974 beatitudinis
861 2907 1070 2992 adipiscendae
1098 2909 1254 2976 evidenter

160 3022 346 3106 significavit.

248 3134 276 3198 2.
322 3134 360 3198 Et
386 3153 443 3198 nos
473 3153 548 3219 ergo
578 3134 614 3198 ad
645 3133 811 3198 imitandam
835 3134 1046 3200 verecundiam
1068 3137 1183 3218 seduli,
1214 3137 1252 3204 ad

158 3246 371 3312 conferendam
393 3249 519 3331 gratiam
541 3267 602 3314 non
626 3255 828 3331 usurpatores,
850 3267 927 3331 quae
949 3249 991 3314 iiii
1009 3253 1128 3334 spiritus
1146 3253 1252 3324 iniudii

158 3361 341 3442 sapientiae,
374 3368 404 3424 et
433 3381 489 3444 per
518 3361 597 3426 illurn
628 3363 714 3426 nobis
744 3362 928 3428 manifestata
956 3370 985 3428 et
1013 3366 1080 3430 visu
1109 3373 1251 3449 conperta

158 3481 248 3554 atque
272 3475 420 3557 exemplo,
444 3476 531 3541 vobis
554 3477 638 3558 quasi
660 3477 762 3542 liberis
785 3477 935 3558 tradimus,
957 3496 1023 3543 curn
1042 3479 1098 3542 iarn
1115 3479 1250 3564 effugere
1314 3473 1316 3478 ’

156 3603 217 3650 non
240 3588 390 3669 possimus
413 3587 542 3652 officium
566 3587 710 3668 docendi,
741 3589 822 3672 quod
844 3592 930 3656 nobis
952 3590 1169 3676 refugientibus
1198 3596 1249 3658 in-
1364 3639 1369 3662 ,

156 3701 256 3782 posuit
285 3699 446 3765 sacerdotii
474 3702 682 3766 necessitudo:
699 3701 731 3787 ²]
763 3705 860 3768 Dedit
886 3707 964 3772 enim
994 3706 1071 3770 deur
1098 3709 1249 3790 quosdam
1359 3732 1363 3739 ·

155 3813 276 3893 quidem
307 3814 487 3893 apostolos,
522 3815 672 3894 quosdam
705 3823 807 3878 autem
836 3819 1025 3899 propbetas,
1059 3821 1139 3886 alios
1172 3843 1248 3892 aero

156 3927 378 4007 ecoopctictoc,
401 3928 483 3992 otior
504 3934 605 3992 cutem
621 3936 765 4010 potiores
787 3937 818 3992 ct
839 3930 991 3998 doctores.

154 4077 363 4092 m

226 4166 253 4238 ι)
273 4116 426 4259 raam'aa,
447 4170 487 4229 ra.
538 4170 589 4244 a)
606 4167 701 4244 upton
718 4171 747 4242 t,
764 4171 805 4230 aa.
