2976 4706
413 287 458 344 tta
477 287 617 345 urricus
635 287 859 346 mnistuontttt
878 288 974 346 trouu
990 291 1020 345 ll.
1200 295 1262 362 {35

171 457 229 515 tam
252 469 339 516 carus
362 457 426 516 erat
449 450 604 532 omnibus,
635 458 668 516 ut
690 451 806 516 iuvenis
830 451 867 515 ad
889 469 1013 536 regnum
1038 454 1124 518 ctiam
1155 454 1263 518 invitus

170 573 331 650 pateretur,
353 565 499 630 resistens
523 573 697 649 cogeretur,
720 583 825 646 senex,
849 583 888 628 ne
909 567 1024 648 proelio
1047 568 1223 650 interesset,
1245 587 1262 634 a

169 681 232 744 suis
254 687 424 764 rogaretur,
447 678 528 760 quod
551 679 669 742 mallent
691 697 794 744 omnes
817 696 873 760 pro
896 679 961 759 ipso
984 680 1152 762 periclitari,
1176 702 1261 764 quam

169 793 249 856 illum
271 811 327 875 pro
350 792 495 856 omnibus.

256 905 306 972 33.
352 907 393 970 lta
415 906 471 968 sibi
492 905 585 990 gratis
608 903 714 968 ciliciis
743 905 860 987 plebem
891 907 1094 992 obligaverat,
1126 907 1259 988 primum,

169 1028 202 1084 ut
231 1022 260 1083 in
289 1019 446 1084 discordiis
474 1019 575 1101 populi
605 1019 746 1082 exsulare
777 1022 806 1083 in
828 1021 949 1087 llebruu
980 1023 1092 1100 mallet,
1110 1017 1140 1105 ¹)
1173 1039 1259 1103 quam

168 1152 298 1218 regnare
317 1135 346 1198 in
362 1133 562 1209 llierusalom3
586 1132 703 1213 deinde,
727 1140 757 1196 ut
774 1135 861 1196 etiam
877 1135 907 1198 in
921 1134 1008 1199 hoste
1023 1135 1146 1218 positum
1162 1136 1259 1196 virtu-

167 1255 226 1312 tem
250 1249 403 1332 diligeret3
426 1248 562 1312 iustitiam
586 1249 672 1311 etiam
695 1249 750 1328 bis,
774 1251 825 1330 qui
847 1267 927 1313 arma
951 1258 1055 1313 contra
1077 1269 1111 1314 se
1133 1251 1259 1313 tulerant

168 1381 265 1446 capue
287 1381 322 1426 ac
343 1364 407 1426 suis
428 1362 634 1446 praestandam
656 1370 789 1443 putaret;
824 1363 952 1445 denique
982 1364 1170 1428 fortissimum
1202 1362 1258 1426 ad-

167 1493 275 1539 versae
306 1477 397 1558 partis
426 1483 678 1560 propugnatorem
708 1475 852 1540 Abenner
883 1477 987 1542 ducem
1021 1485 1051 1540 ct
1082 1477 1259 1542 inferentem

167 1591 281 1673 proelia
303 1591 423 1654 miratus
447 1597 508 1670 est,
532 1599 562 1654 et
586 1598 719 1654 orantem
742 1592 822 1673 pacis
845 1593 968 1674 gratiam
991 1609 1051 1654 non
1075 1597 1257 1674 aspernatus,

166 1704 327 1768 honoravit
349 1705 504 1781 convivio;
530 1705 735 1785 interemptum
757 1703 871 1768 insidiis
895 1705 988 1768 doluit
1009 1710 1038 1766 et
1060 1702 1158 1785 flevit,
1180 1721 1257 1785 pro·

167 1823 287 1880 secutus
311 1817 469 1897 exsequias
492 1816 670 1896 honestavit,
692 1821 816 1880 mortem
840 1817 928 1895 ultus,
952 1817 1152 1880 conscientiae
1170 1815 1256 1880 fidem

166 1932 321 2011 praestitit,
344 1949 431 2013 quam
453 1929 514 1994 lilio
537 1931 615 1994 inter
631 1930 807 1994 hereditaria
823 1931 887 1994 iura
902 1932 1095 2012 transcripsit,
1108 1927 1140 2014 ²)
1162 1931 1256 2014 magis

166 2041 320 2122 sollicitus,
342 2061 381 2105 ne
403 2045 568 2107 innocentis
592 2049 715 2106 mortem
739 2043 856 2106 inultam
877 2043 1069 2125 relinqueret,
1093 2062 1178 2124 quam
1195 2062 1255 2125 quo

165 2173 249 2220 suam
272 2162 396 2220 mortem
418 2155 542 2220 doleret.

255 2267 305 2334 34.
349 2271 417 2333 Νοιι
439 2270 591 2333 mediocre
613 2269 708 2348 istud,
731 2271 906 2352 praesertim
930 2270 959 2334 in
981 2289 1072 2354 rege,
1103 2272 1147 2334 sic
1170 2270 1254 2334 obire

165 2386 332 2450 humilitatis
354 2386 470 2466 munia,
502 2392 534 2448 ut
560 2401 744 2448 communem
775 2402 809 2446 se
839 2383 995 2447 exhiberet
1023 2384 1108 2448 etiam
1138 2383 1254 2464 infimis,

164 2501 262 2565 alieno
285 2501 419 2583 periculo
442 2501 538 2564 cibum
561 2517 622 2562 nou
646 2517 810 2580 quaerere,
833 2507 935 2581 putum
957 2517 1108 2578 recusare,
1124 2495 1157 2583 ³)
1178 2515 1254 2580 pec-

165 2622 260 2680 catum
284 2614 384 2696 lateri,
406 2633 501 2696 seque
524 2617 619 2697 ipsum
642 2633 697 2697 pro
719 2615 831 2697 populo
855 2614 966 2678 offerre
988 2615 1093 2694 morti,
1115 2621 1147 2677 ut
1168 2614 1197 2676 in
1220 2631 1254 2676 se

164 2729 263 2792 divina
284 2728 446 2812 indignatio
469 2736 713 2808 converteretur,
745 2747 811 2792 cum
836 2727 955 2792 ferienti
983 2728 1091 2812 angelo
1122 2727 1253 2791 offerens

163 2861 198 2908 se
221 2843 351 2906 diceret:
367 2839 400 2926 ⁴)
423 2843 504 2906 Ecce
526 2864 609 2922 sum,
634 2864 690 2925 epo
709 2844 855 2925 peccaui,
880 2853 986 2924 clepo
1005 2850 1120 2922 pastor
1141 2843 1252 2906 mulum

161 2956 236 3037 feci,
260 2966 290 3020 et
310 2958 368 3021 isle
389 2976 468 3040 pree
491 2961 567 3040 quid
586 2958 688 3038 fecit?
732 2958 805 3020 Fiat
826 2975 937 3020 munus
960 2964 1014 3020 tuo
1036 2958 1068 3017 in
1091 2977 1146 3020 me.

250 3069 301 3136 35.
338 3072 412 3134 Nam
435 3071 505 3154 quid
527 3074 583 3136 alia
605 3072 709 3153 dicam,
733 3071 813 3154 quod
836 3072 936 3156 dolum
962 3073 1168 3136 meditantibus
1191 3090 1252 3136 non

163 3188 315 3270 aperiebat
337 3205 372 3251 os
395 3205 488 3266 suum,
513 3194 543 3249 et
566 3194 710 3268 tamquam
732 3206 794 3250 uon
818 3187 941 3250 audiens
957 3187 1067 3250 nullum
1083 3205 1251 3250 sermonem

162 3302 353 3367 referendum
382 3303 501 3384 putabat
507 3324 516 3380 3
534 3299 566 3388 5)
598 3320 657 3364 non
688 3302 888 3384 respondebat
916 3301 1052 3364 convitiis
1059 3323 1069 3379 3
1101 3320 1165 3364 cum
1195 3300 1251 3364 sibi

163 3419 378 3504 derogaretur,
404 3421 523 3496 orabat;
554 3438 619 3482 cum
643 3418 887 3499 malediceretur,
911 3414 1129 3481 benedicebat?
1173 3417 1250 3476 Am-

162 3535 267 3600 bulaus
289 3535 320 3597 in
342 3533 543 3615 simplicitate,
566 3534 762 3615 superborum
786 3531 933 3616 fugitans,
963 3535 1093 3594 sectator
1115 3529 1249 3591 inmacu-

162 3650 304 3730 latorum,
337 3649 388 3731 qui
417 3647 547 3711 cinerem
577 3649 718 3711 miscebat
745 3647 890 3710 alimentis
919 3644 999 3724 suis,
1032 3662 1097 3705 cum
1127 3649 1248 3724 peccata

162 3765 282 3848 propria
305 3764 474 3846 deploraret
497 3770 526 3827 et
548 3772 648 3847 polum
671 3781 756 3828 suum
783 3762 966 3846 temperabat
994 3759 1135 3824 fletibus?
1179 3760 1247 3823 Me-

234 4033 262 4100 l)
282 4034 306 4088 2.
318 4033 382 4104 leeg.
401 4033 428 4102 2,
446 4034 462 4087 2
480 4047 551 4104 seqq.
595 4033 624 4098 2)
641 4030 705 4084 ibid.
724 4030 749 4097 3,
768 4028 802 4082 ³2
818 4045 890 4100 seqq.
935 4030 966 4100 3)
983 4029 1046 4082 lbid.
1065 4027 1108 4096 23,
1127 4027 1158 4080 tu
1176 4043 1248 4098 seqq.

162 4123 191 4191 l)
209 4121 272 4177 lbid.
292 4122 334 4190 24,
355 4122 396 4176 tu.
466 4122 494 4188 5)
512 4120 600 4174 Paalm.
620 4119 663 4188 37,
684 4119 715 4170 ll
733 4127 759 4170 at
777 4117 835 4169 alib.
