2932 4700
223 338 268 404 48
672 337 698 392 s.
716 337 871 394 nuunosu

225 500 274 580 qui
305 498 440 564 videntes
469 500 632 564 sceleratos
667 518 805 582 quosque
837 500 960 581 divites,
994 502 1107 581 laetos,
1142 501 1316 582 honoratos,

224 595 379 694 potentes,
411 632 476 678 oum
506 614 640 698 plerique
673 616 818 680 iustorum
848 624 958 700 egeant
991 622 1080 698 atque
1112 617 1218 680 infirmi
1248 618 1316 700 sint,

224 732 326 808 putant
354 727 403 792 vel
425 728 505 792 nihil
536 729 621 792 deum
651 749 758 794 curare
780 729 817 792 de
840 731 944 809 nobis,
979 737 1009 793 ut
1031 730 1170 813 Epicurei
1197 731 1325 822 dicuntp

226 842 276 904 vel
307 844 425 907 nescire
455 851 538 907 actus
570 844 736 923 hominum,
766 851 797 908 ut
819 844 958 929 flagitiosi
980 852 1098 926 putant3
1126 847 1191 925 vel,
1214 847 1239 908 si
1262 845 1319 908 scit

225 959 338 1038 omnia,
369 959 500 1040 iniquum
522 975 590 1022 esse
612 958 755 1038 iudicem,
785 965 817 1021 ut
838 959 935 1023 bonos
964 965 1057 1042 egere
1087 961 1229 1038 patiatur,
1260 959 1317 1021 ab·

224 1073 337 1137 undare
360 1074 512 1155 inprobos.
557 1073 619 1136 Nec
642 1071 811 1156 superfluus
834 1073 917 1136 velut
939 1072 1054 1153 quidam
1085 1091 1231 1137 excursus
1255 1071 1318 1152 luit,

224 1193 257 1252 ut
289 1187 420 1270 opinioni
452 1187 618 1259 huiusmodi
655 1191 787 1271 ipsorum
826 1188 948 1252 affectus
983 1189 1201 1270 responderet,
1240 1205 1317 1271 quos

113 1365 114 1370 ,
224 1303 329 1367 beatos
351 1275 497 1384 iudicant,
522 1322 586 1367 cum
610 1303 666 1385 ipsi
689 1323 723 1368 se
746 1304 873 1367 miseros
896 1308 1007 1384 putent.
1053 1302 1219 1366 Arbitratus
1240 1304 1317 1366 euim

225 1433 289 1480 sum
313 1418 393 1499 quod
416 1417 473 1500 ipsi
496 1419 550 1482 sihi
574 1417 706 1496 facilius,
731 1436 818 1499 quam
840 1417 927 1480 nohis
950 1415 1117 1480 crederent.

312 1529 363 1595 48.
408 1533 474 1607 Quo
498 1531 626 1596 decurso
657 1532 792 1614 proclive
822 1533 1030 1612 aestimo„ut
1051 1529 1183 1596 refellam
1206 1535 1317 1593 cetera.

224 1644 262 1708 Et
283 1647 379 1726 primo
403 1663 506 1710 eorum
532 1646 752 1725 adsertionem,
787 1647 837 1726 qui
860 1646 946 1709 deum
970 1651 1073 1728 putant
1095 1663 1195 1707 curam
1218 1643 1319 1706 mundi
1425 1673 1430 1694 ι

223 1776 411 1841 nequaquam
434 1760 561 1839 habere,
596 1761 672 1823 sicut
694 1760 872 1823 Aristoteles
902 1760 1014 1822 adserit
1043 1777 1139 1840 usque
1162 1758 1199 1822 ad
1221 1759 1319 1821 lunam

227 1874 291 1937 eius
331 1873 516 1938 descendere
552 1875 776 1957 providentiam.
831 1874 869 1937 Et
902 1875 968 1955 quis
1002 1881 1143 1956 operator
1180 1874 1320 1956 neglegat

226 1987 328 2069 operis
365 1989 411 2052 sui
449 1991 574 2052 curam?
630 1989 702 2063 Quis
738 1988 857 2053 deserat
895 1995 925 2050 et
962 1987 1101 2051 destituat
1137 1986 1218 2068 quod
1255 1988 1319 2069 ipse

228 2098 416 2163 condendum
439 2102 577 2180 putavit?
622 2100 652 2166 Si
674 2101 780 2164 iniuria
804 2108 850 2163 est
872 2117 1002 2182 regere,
1035 2119 1135 2164 nonne
1158 2107 1205 2164 est
1226 2101 1320 2165 maior

225 2213 330 2278 iniuria
360 2213 486 2293 fecisse,
518 2231 584 2275 cum
617 2211 727 2293 aliquid
758 2230 819 2274 non
849 2211 959 2276 iecisse
987 2211 1066 2275 nulla
1096 2211 1235 2274 iniustitia
1265 2212 1319 2290 sit,

192 2316 198 2324 ’
226 2346 286 2392 uon
311 2347 417 2409 curare
440 2326 519 2409 q'ucd
544 2326 653 2390 leceris
676 2345 788 2390 summa
812 2327 1025 2391 inclementia?

313 2437 363 2506 49.
409 2441 496 2515 Quod
519 2443 545 2504 si
568 2449 617 2504 aut
648 2442 734 2504 deum
766 2448 930 2504 creatorem
963 2459 1048 2504 suum
1076 2441 1240 2522 abnegant,
1270 2444 1320 2502 aut

226 2553 356 2618 ferarum
383 2560 412 2616 et
430 2541 592 2636 bestiarum
615 2574 650 2617 se
672 2545 776 2618 haberi
798 2573 921 2618 numero
945 2561 1085 2633 censent,
1109 2552 1179 2635 quid
1202 2553 1240 2616 dc
1262 2553 1319 2616 illis

227 2665 376 2746 dicamne,
408 2668 458 2749 qui
486 2668 542 2730 hac
573 2686 607 2730 se
639 2669 837 2732 condemnant
860 2668 989 2731 iniuria?
1033 2668 1090 2730 Per
1112 2669 1209 2730 omnia
1233 2665 1319 2730 deum

227 2781 272 2844 irc
295 2782 351 2863 ipsi
374 2781 516 2846 adserunt
538 2789 568 2845 et
591 2784 690 2846 omnia
714 2783 744 2843 in
767 2783 875 2846 virtute
899 2785 965 2846 eius
993 2782 1176 2860 consistere,
1208 2781 1267 2842 vim
1290 2786 1320 2844 et

227 2895 409 2958 maiestatem
433 2873 568 2979 eiusper
583 2898 680 2960 omnia
704 2897 850 2960 elementa
872 2905 1040 2979 penetrare,
1064 2902 1171 2974 terras,
1195 2893 1318 2973 caelum,

229 3007 337 3086 maria3
362 3014 393 3071 et
414 3014 517 3090 putant
539 3009 673 3072 iniuriam
698 3009 778 3088 eius,
801 3010 827 3072 si
849 3015 976 3072 mentem
999 3008 1145 3088 hominis,
1168 3025 1226 3089 qua
1248 3007 1319 3069 nihil

227 3122 313 3186 nobis
342 3123 407 3205 ipse
438 3125 636 3204 praestantius
668 3122 764 3203 dedit,
797 3131 934 3205 penetret
956 3131 986 3188 ct
1012 3123 1129 3187 divinae
1159 3122 1318 3186 maiestatis

227 3233 411 3319 ingrediatur
431 3235 579 3300 scientia?

142 3437 144 3444 y
190 3359 223 3446 s
315 3347 365 3450 59.
412 3349 471 3415 Sed
490 3350 606 3443 ‘horum
641 3351 811 3432 magistrum
840 3351 922 3413 velut
953 3351 1065 3414 ebrium
1099 3356 1128 3413 et
1160 3348 1319 3431 voluptatis

228 3471 383 3546 patronum
404 3458 477 3547 ip'si,
501 3465 550 3545 qui
573 3471 712 3547 putantur
734 3465 843 3543 sobrii,
874 3463 1001 3528 inrident
1022 3463 1200 3546 philosophi.
1245 3463 1319 3525 Nam

230 3579 268 3642 de
282 3567 452 3642 Aristotelis
475 3579 616 3660 opinione
640 3578 710 3659 quid
731 3545 853 3660 loquar,
877 3580 927 3659 qui
950 3585 1032 3660 putot
1055 3578 1141 3640 deum
1161 3576 1224 3640 suis
1241 3594 1318 3639 con-

229 3697 342 3754 tentum
371 3708 439 3755 esse
468 3692 574 3755 linibus
606 3698 635 3753 et
664 3692 849 3773 praescripto
880 3693 967 3776 regni
999 3689 1087 3756 modo
1120 3690 1272 3775 degere)
1288 3697 1320 3753 ut

230 3813 384 3887 poetarum
406 3805 546 3869 locuntur
568 3805 702 3885 fabulae,
726 3807 776 3887 qui
792 3805 930 3868 mundum
953 3807 1030 3870 inter
1051 3811 1113 3867 tres
1129 3804 1228 3868 lerunt
1250 3821 1319 3868 esse

232 3916 365 3998 divisum,
380 3925 414 3981 ut
429 3918 477 3982 alii
493 3919 616 3998 caelum,
639 3919 688 3983 alii
703 3936 795 3998 mare,
810 3919 858 3982 alii
880 3918 997 3982 inferna
1013 3918 1180 3982 coercenda
1195 3918 1318 4001 imperio

232 4039 314 4097 sorte
329 4033 515 4112 obvenerint,
538 4051 653 4115 cosque
668 4051 775 4097 cavere
798 4051 837 4096 ne
855 4039 995 4116 usurpata
1017 4032 1177 4096 alienarum
1194 4031 1318 4113 partium

232 4144 429 4214 sollicitudine
451 4145 527 4210 iuter
549 4162 584 4211 se
606 4146 715 4211 bellum
738 4147 894 4212 excitent?
938 4144 1076 4212 Similiter
1105 4160 1180 4230 ergo
1208 4143 1319 4210 adserit
