2976 4706
222 370 284 434 1116
669 366 694 418 s.
714 363 871 418 nnenosn

220 528 337 610 argenti
360 525 558 588 didrachmata
575 532 604 588 el
617 527 749 610 linguam
771 541 901 604 auream,
925 524 1040 588 oblatus
1063 524 1185 592 domino
1207 543 1321 610 negare

219 657 281 704 non
303 639 415 722 potnit,
438 637 493 700 sed
516 638 645 720 prodidit
666 638 784 702 lurtum.

309 747 379 816 130.
424 751 516 814 Vetus
534 753 625 835 igitur
640 759 671 816 el
686 751 806 832 antiqua
829 750 952 816 avaritia
975 759 1036 832 cst,
1059 771 1137 833 quae
1160 771 1226 816 oum
1249 753 1321 834 ipsis

219 863 338 928 divinae
356 863 433 946 legis
453 864 553 943 coepit
573 862 713 942 oraculis,
737 861 825 926 immo
845 869 968 944 propter
986 863 1079 944 ipsam
1104 863 1321 943 reprimendam

218 977 270 1044 lex
303 975 400 1040 delata
434 983 489 1040 est.
516 974 543 1059 ¹)
593 977 718 1058 Propter
750 975 903 1038 avaritiam
936 975 1025 1038 Balac
1057 977 1171 1056 pulavit
1204 975 1322 1038 Balaam

218 1089 357 1170 praemiis
379 1105 471 1171 posse
494 1089 648 1170 temptari,
671 1096 703 1150 ut
728 1088 920 1151 malediceret
942 1089 1083 1170 populum
1106 1093 1220 1170 patrum
1237 1085 1269 1170 ²)
1292 1094 1322 1152 el

220 1201 341 1264 vicisset
364 1200 502 1279 avaritia,
529 1201 587 1262 nisi
610 1199 746 1263 dominus
769 1218 786 1262 a
810 1199 965 1263 maledicto
989 1218 1057 1263 eum
1082 1201 1232 1264 abstinere
1255 1201 1321 1264 ius-

218 1314 316 1377 sisset
360 1313 486 1393 Propter
515 1310 667 1375 avaritiam
695 1311 906 1392 praecipitatus
929 1310 1030 1374 Aclrar
1053 1311 1083 1373 in
1111 1313 1232 1375 exitium
1263 1311 1322 1374 de-

219 1423 347 1488 duxerat
374 1427 464 1487 totam
496 1420 614 1504 plebem
642 1428 808 1502 parentum.
852 1420 955 1502 ltaque
982 1420 1067 1485 lesus
1090 1423 1191 1502 Nave,
1208 1421 1240 1506 ³)
1271 1424 1321 1505 qui

216 1535 313 1622 potuit
335 1535 430 1600 solem
452 1540 604 1613 statuere,
627 1552 666 1596 ne
688 1533 887 1616 procederet,
912 1535 1064 1598 avaritiam
1086 1536 1238 1601 hominum
1260 1556 1320 1600 nou

217 1649 316 1736 potuit
343 1650 468 1729 sistere,
498 1667 538 1711 ne
561 1655 709 1729 serperet.
753 1647 802 1711 Ad
824 1665 931 1712 voccrn
954 1648 1020 1710 eius
1043 1649 1090 1712 sol
1111 1651 1210 1728 stetit,
1244 1668 1322 1713 ava-

218 1763 287 1831 ritia
308 1779 370 1828 non
392 1762 482 1824 stetit.
527 1760 597 1826 Sole
619 1763 720 1841 itaque
743 1769 840 1824 stante
864 1759 993 1824 coniecit
1015 1761 1099 1824 lesus
1128 1761 1321 1843 triumphum3

219 1877 344 1940 avaritia
366 1881 464 1939 autem
486 1874 671 1956 procedente
693 1893 790 1958 paene
813 1874 910 1936 amisit
934 1874 1095 1937 victoriam.

308 1986 380 2052 131.
426 1988 529 2062 Ouid?
573 1987 777 2053 Fortissimum
801 1988 930 2052 omnium
953 1987 1106 2070 Sampson·
1133 2007 1235 2052 nonne
1258 1989 1322 2052 Da·

218 2103 288 2171 lilae
310 2103 442 2167 mulieris
464 2103 588 2182 avaritia
612 2102 756 2184 decepit?
772 2099 805 2184 ⁴)
849 2102 960 2183 ltaque
975 2103 1042 2182 ille,
1074 2103 1124 2183 qui
1153 2104 1321 2184 rugientem
1419 2103 1422 2110 '

218 2218 339 2284 leonem
359 2216 495 2284 manibus
518 2214 675 2296 discerpsit
697 2215 775 2294 suis,
798 2215 850 2294 qui
872 2215 989 2276 vinctus
1009 2222 1039 2277 et
1056 2215 1233 2298 alienigenis
1255 2221 1321 2278 tra-

220 2445 346 2525 peremit
376 2444 475 2522 viros,
506 2445 557 2525 qui
586 2443 674 2506 lones
704 2442 836 2504 intextos
865 2429 1074 2504 nervis‘velut
1099 2440 1197 2504 mollia
1228 2440 1321 2522 sparti

220 2556 268 2623 tta
291 2555 415 2637 disrupit
421 2578 431 2633 3
453 2557 479 2619 is
502 2574 593 2636 super
615 2574 714 2638 genua
737 2556 867 2618 mulieris
891 2555 1000 2617 inilexa
1024 2556 1145 2618 ceruice
1167 2559 1320 2617 truncatus

221 2669 321 2731 invicti
344 2670 435 2731 crinis
458 2675 604 2748 ornatum,
626 2671 867 2752 praerogativum
889 2689 962 2733 suae
978 2672 1103 2750 virtutis,
1127 2671 1230 2732 amisit.
1267 2671 1321 2732 ln-

220 2779 304 2844 lluxit
328 2781 454 2862 pecunia
478 2780 508 2841 in
531 2780 677 2862 gremium
706 2782 837 2844 mulieris
861 2789 891 2845 et
914 2801 931 2844 a
954 2784 1020 2847 viro
1044 2783 1182 2847 discessit
1214 2785 1319 2866 gratia.

310 2890 381 2956 132.
424 2892 539 2955 Feralis
562 2893 652 2975 igilur
678 2897 819 2976 avaritia,
851 2896 1041 2962 inlecebrosa
1072 2899 1213 2978 pecunia,
1244 2915 1321 2978 quae

219 3007 364 3068 habentes
396 3007 592 3086 contaminat,
621 3026 683 3070 non
714 3009 860 3073 habentes
884 3027 945 3072 non
975 3011 1063 3072 iuvm.
1108 3010 1181 3073 Esto
1212 3017 1320 3088 tamen,

218 3118 432 3199 utaliquando
455 3119 576 3185 adiuvet
597 3123 722 3202 pecnnia
746 3123 937 3202 inferiorem,
972 3131 1070 3186 tamen
1093 3130 1122 3185 et
1144 3125 1240 3204 ipsum
1263 3122 1320 3186 de-

218 3232 410 3298 siderantem:
435 3233 504 3315 quid
523 3235 559 3296 ad
576 3255 658 3316 eum,
682 3239 732 3318 qui
755 3255 816 3301 non
841 3237 1007 3316 desiderat,
1030 3239 1160 3320 quinon
1184 3236 1320 3316 requirit,

218 3345 269 3426 qni
290 3346 401 3408 auxilio
423 3348 488 3409 eius
510 3329 571 3410 non
596 3349 726 3431 indiget,
758 3349 857 3412 studio
890 3368 951 3412 non
983 3350 1135 3414 flectitur?
1182 3348 1259 3424 Quid
1282 3349 1318 3410 ad

218 3441 303 3536 arros,
326 3459 351 3520 st
370 3460 409 3522 sn
426 3460 475 3522 rue
494 3459 655 3542 copiosior,
673 3464 729 3542 qur
751 3464 864 3525 nauem
910 3463 1059 3545 uumqum
1082 3465 1196 3526 idcirco
1218 3463 1319 3526 none-

217 3573 309 3650 stior,
332 3573 399 3651 quia
415 3573 504 3636 habel
519 3593 578 3655 quo
594 3575 737 3639 honestas
761 3576 936 3658 plerumque
959 3579 1117 3656 amittitur,
1141 3577 1209 3657 quia
1231 3577 1320 3649 habel

217 3685 297 3765 quod
321 3685 469 3748 custodiat
491 3689 600 3772 magis,
625 3707 712 3770 quam
732 3691 813 3772 quod
832 3691 1007 3772 possideat?
1051 3690 1124 3754 lllud
1146 3691 1224 3752 enim
1242 3704 1318 3771 pos-

217 3796 349 3863 sidemus
373 3813 432 3877 quo
455 3798 578 3875 utimum
610 3800 688 3880 quod
719 3809 816 3865 autem
840 3803 916 3866 ultra
938 3822 1024 3866 usum
1048 3812 1094 3866 cst
1125 3821 1186 3866 non
1217 3803 1318 3882 utique
1385 3815 1390 3824 ·

216 3909 306 3973 habet
329 3909 532 3990 possessionis
554 3910 699 3990 fructum,
723 3912 778 3976 sed
801 3914 956 3978 custodiae
979 3914 1152 3994 periculum.

216 4015 425 4032 *—

289 4061 419 4128 l)Exod.
440 4063 483 4129 20,
504 4065 543 4118 17.
600 4065 628 4133 2)
649 4064 722 4119 Num.
741 4083 765 4118 c.
785 4067 827 4119 22.
882 4068 910 4134 3)
930 4067 978 4120 los.
998 4065 1040 4133 10,
1062 4067 1160 4136 seseq.
1216 4068 1244 4132 l)
1263 4066 1316 4120 lud.

218 4148 261 4215 16,
281 4150 297 4199 4
316 4166 386 4218 seqq.
