2976 4706
196 394 260 462 150
634 385 660 439 s.
678 382 833 438 Atianos!

279 547 331 614 80.
374 547 477 630 ltaque
514 545 640 627 primum
678 545 811 609 omnium
857 541 1048 608 coacervavit
1085 541 1244 624 pecunias,
1261 537 1293 624 ¹)

194 658 303 726 deinde
334 659 527 721 instrumenta
551 662 671 734 cetera,
704 655 743 718 ad
765 661 946 737 postremum
967 653 1033 717 iura
1056 661 1203 718 terrarum
1224 653 1293 736 regi

194 771 370 853 adquisivit,
393 787 454 834 non
477 775 510 831 ut
530 783 634 830 omnes
657 771 783 830 exueret
804 783 878 845 sao,
901 764 956 828 sed
978 763 1097 828 fulciret
1103 784 1113 841 ;
1144 762 1293 844 publicum

193 883 334 948 tributum
366 879 578 959 constitueret,
612 880 672 959 quo
696 895 751 941 sua
773 877 864 942 tutius
886 876 999 940 habere
1029 881 1160 958 possent
1205 872 1294 948 Quod

193 995 234 1058 ita
249 993 303 1058 luit
316 999 435 1078 gratum
458 992 604 1071 omnibus,
626 992 734 1072 quibus
753 996 852 1078 terrm
875 989 1036 1069 ademerat,
1060 995 1092 1052 ut
1106 1007 1167 1054 non
1183 985 1294 1051 vendi·

194 1107 305 1170 tionem
329 1107 375 1171 sui
397 1106 488 1185 iuris,
511 1103 565 1168 sed
587 1104 823 1188 redemptionem
845 1104 948 1168 salutis
971 1108 1119 1184 putarent.
1157 1099 1294 1180 Denique

193 1219 346 1283 dixerunt:
363 1215 395 1302 ²)
425 1218 555 1282 Senorlr'
577 1237 653 1296 nos,
685 1218 859 1280 invasimus
887 1218 1023 1297 matiam
1056 1217 1091 1277 io
1125 1221 1294 1308 conopecta

194 1334 313 1397 domini
336 1333 448 1395 nostri.
490 1331 565 1396 Nam
586 1338 616 1394 et
634 1329 672 1395 de
690 1331 873 1412 proprietate
896 1329 968 1394 nihil
989 1329 1159 1406 amiserant,
1183 1327 1233 1408 qui
1247 1327 1294 1391 ius

75 1483 79 1488 -
194 1451 389 1526 receperant,
420 1451 450 1508 et
472 1445 510 1508 de
533 1445 658 1507 utilitate
680 1444 751 1506 nihil
773 1441 981 1526 perdiderant,
1013 1443 1063 1524 qui
1094 1441 1295 1524 adquisierant

152 1605 153 1612 ,
194 1553 431 1637 perpetuitatem.
1148 1615 1151 1622 ,

283 1660 348 1729 81.“
380 1665 517 1729 Ovirum
535 1684 684 1748 magnum,
707 1668 758 1747 qui
779 1685 841 1731 non
862 1667 1006 1749 largitatis
1028 1664 1198 1747 superlluae
1216 1669 1295 1726 tero-

195 1779 330 1864 poralem
352 1780 481 1861 captavit
502 1780 646 1863 gloriam,
676 1779 729 1844 sed
752 1786 925 1862 perpetuam
950 1777 1187 1845 commoditatem
1217 1793 1295 1840 con·

197 1893 291 1956 stituit
317 1891 539 1972 providentiae!
583 1892 665 1956 Fecit
687 1893 765 1955 enirn
787 1899 820 1955 ut
842 1893 956 1956 tributis
978 1891 1081 1973 populi
1102 1907 1137 1952 se
1160 1892 1296 1952 iuvarent

198 2004 277 2083 suis,
306 2021 364 2066 nec
385 2004 416 2065 in
439 2010 575 2084 tempore
597 2005 784 2068 necessitatis
807 2004 904 2067 aliena
925 2002 1055 2066 subsidia
1078 1985 1294 2064 desiderarent

197 2117 303 2190 illelius
335 2117 413 2178 enim
443 2115 500 2179 luit
531 2116 672 2181 conferre
702 2116 812 2199 aliquid
835 2115 873 2178 de
896 2115 1060 2193 fructibus,
1089 2132 1177 2194 quam
1202 2119 1295 2178 totum

197 2229 236 2293 de
257 2232 322 2294 iure
345 2231 491 2293 amittere.
536 2231 672 2304 Quintam
690 2232 859 2312 portionem
882 2228 1058 2292 conlationis
1081 2227 1189 2305 statuit,
1212 2233 1242 2290 et
1264 2227 1295 2290 iu

196 2344 382 2425 providendo
405 2344 608 2425 perspicacior
625 2351 656 2406 et
670 2345 701 2407 in
715 2345 826 2408 tributo
840 2341 1000 2406 liberalior.
1045 2340 1183 2421 Denique
1205 2357 1296 2403 num·
1415 2364 1416 2367 ¹

197 2473 285 2536 quarn
306 2463 413 2536 postea
436 2456 593 2538 Aegyptus
614 2457 782 2520 huiusmodi
804 2456 910 2519 famem
932 2454 1061 2537 pertulit.

283 2562 335 2630 82.
382 2569 475 2641 Quam
504 2569 661 2648 praeclare
684 2573 781 2630 autern
804 2566 927 2649 collegit
949 2565 1065 2630 lutural
1082 2560 1116 2648 ³)
1160 2563 1296 2642 Primum,

197 2695 286 2756 quam
320 2682 428 2758 argute
459 2679 570 2760 regalis
605 2679 753 2758 interpres
791 2679 897 2740 somnii
935 2679 1089 2740 veritatem
1127 2675 1296 2758 expressitl

197 2790 349 2855 Somnium
371 2790 453 2872 regis
480 2789 605 2871 primurn
627 2789 686 2852 boc
708 2788 772 2852 luit.
817 2788 937 2870 Septem
966 2789 1113 2852 iuvencae
1146 2788 1297 2852 ascende·

189 2905 268 2988 ‚bant
292 2904 331 2966 de
353 2903 483 2983 flumine,
505 2905 573 2967 visu
595 2905 725 2968 decorae
742 2911 771 2966 et
788 2905 916 2988 pingues
939 2922 1078 2986 corpore,
1102 2909 1133 2966 et
1155 2904 1192 2966 ad
1215 2920 1298 2966 oram

107 3084 108 3087 Ἴ
198 3015 395 3098 pascebantur
424 3015 561 3078 fluminis.
606 3013 692 3078 Aliae
722 3032 843 3096 quoque
866 3015 977 3078 vitulae
1000 3015 1066 3077 visu
1089 3013 1240 3077 deformes
1263 3031 1299 3077 ac

197 3129 315 3191 ieiunae
337 3146 467 3210 corpore
489 3134 558 3209 post
579 3129 645 3192 illas
667 3130 810 3192 iuvencas
839 3127 1042 3192 ascendebant
1063 3127 1102 3190 de
1124 3126 1246 3190 flumine
1269 3133 1300 3190 et

198 3243 279 3304 iuxta
302 3258 354 3304 eas
376 3243 406 3304 in
428 3242 495 3324 ipso
517 3244 647 3324 riparum
669 3249 738 3304 toro
761 3243 958 3324 pascebantur
965 3261 974 3317 ;
998 3245 1029 3302 et
1049 3240 1132 3303 visae
1155 3245 1223 3304 sunt
1242 3239 1300 3303 hae

197 3354 308 3417 vitulae
339 3359 444 3418 tenues
473 3361 562 3436 atque
593 3354 687 3418 exiles
717 3353 866 3416 devorare
895 3353 978 3432 illas,
1009 3370 1086 3432 quae
1108 3353 1300 3434 praestabant

199 3473 230 3530 et
251 3466 346 3530 forma
369 3472 399 3529 et
417 3468 521 3550 gratia.
566 3466 604 3529 lit
630 3466 778 3531 somnium
807 3465 971 3528 secundum
993 3465 1054 3529 boc
1076 3462 1146 3526 luit:
1181 3464 1300 3546 Septem

199 3578 300 3661 spicae
322 3580 467 3662 pingues,
494 3578 609 3642 electae
632 3583 662 3640 et
683 3578 782 3640 bonae
805 3577 843 3640 de
867 3585 948 3642 terra
970 3577 1151 3661 surgebant,
1179 3582 1301 3658 etpost

200 3707 252 3754 eas
281 3698 395 3772 septem
425 3693 526 3772 spicae
555 3691 652 3754 exiles
677 3699 707 3754 et
729 3697 818 3754 vento
851 3696 1011 3774 corruptae
1034 3709 1069 3754 ao
1092 3688 1241 3753 marcidae
1265 3705 1300 3751 se

199 3806 340 3868 subicere
361 3805 567 3886 moliebantur,
590 3812 620 3868 et
642 3807 737 3869 visum
759 3812 805 3869 est
826 3805 906 3887 quod
921 3806 1014 3869 laetas
1031 3809 1061 3866 et
1075 3804 1184 3866 uberes
1202 3801 1300 3882 spicas

201 3919 321 3982 steriles
345 3919 445 3999 spicae
468 3923 499 3980 et
520 3925 627 3980 tenues
650 3915 878 3981 devoraverunt.

206 4069 400 4078 arn-...—

273 4154 300 4220 1)
320 4153 411 4209 Genea.
429 4155 473 4222 47,
493 4155 524 4206 14
543 4170 598 4224 seq.
681 4157 711 4226 2)
728 4153 792 4208 lbid.
811 4171 836 4207 v.
855 4154 897 4210 25.
981 4156 1009 4222 3)
1028 4154 1093 4211 lbid.
1113 4155 1157 4223 41,
1176 4155 1210 4211 22
1228 4170 1299 4224 seqq.
