2976 4706
494 1051 652 1144 LIBER
691 1049 975 1144 SECUNDUS.

646 1259 807 1272 ——uu—'ae-

613 1393 784 1460 CAPUT
817 1394 842 1459 Ι.

177 1562 252 1615 Vitae
270 1559 452 1613 beatitudinem
472 1559 571 1628 adquiri
590 1558 737 1622 honestate,
767 1559 861 1627 quippe
881 1575 929 1628 qua
948 1559 1102 1613 Christianus
1121 1560 1230 1630 gloriam
1250 1569 1277 1613 et

177 1648 279 1702 lusores
304 1647 434 1698 hominum
457 1661 580 1715 spernens
605 1660 684 1713 opera
710 1661 754 1698 sue
782 1644 832 1696 deo
858 1645 906 1697 soli
930 1646 1032 1714 placere
1057 1648 1082 1697 iu
1100 1648 1166 1698 votis
1190 1645 1275 1698 babet.

267 1805 295 1870 1.
340 1805 502 1887 Superiore
518 1805 595 1869 libro
612 1804 650 1866 de
666 1803 773 1871 ciliciis
789 1807 989 1886 tractavimus,
1012 1825 1090 1888 quae
1113 1807 1276 1871 convenire

177 1921 325 1986 honestati
347 1918 565 1998 arbitraremur,
589 1920 618 1981 in
639 1938 696 2000 quo
716 1921 805 1982 vitam
824 1923 939 1984 beatam
962 1921 1088 2003 positam
1113 1937 1183 1983 esse
1204 1919 1276 1983 nolli

177 2033 395 2110 dubitaverunt,
419 2050 504 2112 quam
525 2031 675 2114 Scriptura
699 2033 827 2114 appellat
848 2035 938 2095 vitam
960 2041 1119 2096 aeternam.
1166 2033 1275 2094 'lentus

177 2146 255 2208 enim
278 2143 422 2225 splendor
448 2144 612 2208 honestatis
636 2151 697 2225 est,
731 2153 762 2209 ut
785 2148 872 2209 vitam
896 2147 1010 2208 beatam
1035 2144 1165 2208 efficiant
1188 2150 1275 2206 tran-

178 2257 305 2339 quillitas
337 2257 539 2320 conscientiae
562 2264 592 2320 et
614 2259 759 2322 securitas
791 2261 986 2322 innocentiae.
1031 2257 1068 2321 Et
1099 2257 1168 2320 ideo
1199 2256 1277 2320 sicut

178 2376 303 2433 exortus
319 2367 365 2432 sol
387 2370 475 2432 lunae
499 2371 621 2452 globum
637 2376 668 2432 et
683 2376 782 2433 cetera
805 2371 956 2434 stellarum
980 2369 1135 2434 abscondit
1156 2369 1275 2447 lumina,

176 2484 217 2545 ita
248 2482 349 2565 fulgor
378 2482 562 2560 honestatis,
593 2482 643 2544 ubi
674 2500 749 2545 vero
773 2491 803 2546 et
825 2485 999 2566 incorrupto
1029 2485 1125 2548 vibrat
1155 2481 1276 2562 decore,

176 2601 287 2675 cetero,
311 2613 389 2676 quae
411 2601 551 2676 putantur
573 2597 651 2658 bona
674 2595 838 2659 secundum
862 2598 1042 2679 voluptatem
1067 2596 1203 2678 corporis
1227 2601 1278 2658 aut

176 2709 340 2771 secundum
364 2709 515 2772 saeculum
539 2709 618 2771 clara
642 2716 672 2771 et
694 2709 845 2788 inlustria,
869 2711 1031 2774 obumbrat

264 2820 293 2886 2.
339 2823 430 2885 Beata
453 2823 551 2903 plane,
575 2841 653 2904 quae
671 2841 732 2886 non
752 2823 856 2886 alienis
880 2824 1050 2887 aestimatur
1074 2823 1199 2902 iudiciis,
1222 2821 1277 2884 sed

177 2935 348 2999 domesticis
383 2938 544 3018 percipitur
582 2939 720 3001 sensibus
756 2944 901 3019 tamquam
936 2937 983 2999 sui
1017 2938 1116 3001 iudex.
1171 2937 1278 3016 Neque

177 3051 256 3112 enim
278 3051 440 3133 populares
465 3052 620 3133 opiniones
643 3070 699 3134 pro
723 3051 862 3115 mercede
887 3051 982 3132 aliqua
1006 3051 1148 3131 requirit,
1178 3065 1278 3130 neque

176 3181 231 3244 pro
254 3164 399 3245 supplicio
422 3173 521 3245 pavet.
566 3165 667 3246 ltaque
691 3182 751 3244 quo
774 3167 871 3228 minus
894 3166 1030 3245 sequitur
1060 3163 1204 3246 gloriam,
1240 3179 1278 3224 eo

176 3277 271 3359 magis
302 3293 396 3357 super
425 3294 490 3338 eam
522 3278 639 3339 eminet.
684 3277 758 3338 Nam
789 3277 838 3356 qui
868 3277 993 3357 gloriam
1026 3277 1198 3356 requirunt,
1232 3273 1278 3336 bis

177 3405 213 3450 ea
237 3407 354 3451 meroes
386 3391 587 3470 praesentium
619 3389 721 3452 umbro
758 3389 924 3452 iuturorum
948 3395 1012 3466 est,
1046 3406 1123 3468 quae
1149 3385 1279 3468 inpediat

176 3503 264 3566 vitam
298 3510 466 3581 aeternam,
498 3503 578 3584 quod
611 3505 641 3566 in
670 3504 830 3587 evangelio
862 3503 1003 3582 scriptum
1035 3507 1096 3563 est:
1117 3496 1146 3583 ¹)
1181 3487 1279 3560 Amen

175 3617 247 3680 dico
270 3617 375 3694 cobis,
396 3625 603 3697 perceperunt
624 3617 792 3678 mercedem
814 3635 922 3687 suom;
946 3613 983 3675 de
1006 3613 1051 3674 bis
1074 3612 1205 3690 scilicet,
1228 3612 1279 3693 qui

176 3731 259 3794 velut
282 3730 352 3793 tuba
376 3735 502 3791 canente
531 3728 657 3811 volgare
688 3728 889 3790 liberalitatem
921 3742 1022 3803 suam,
1053 3744 1139 3806 quarn
1170 3724 1280 3788 iaciunt

177 3844 258 3906 circa
282 3861 443 3924 pauperes,
466 3842 608 3924 gestiunt.
654 3841 794 3907 Similiter
814 3847 845 3902 et
863 3839 900 3902 de
923 3839 1046 3927 ieiunio,
1068 3838 1148 3919 quod
1171 3842 1279 3901 osten·

176 3957 296 4022 tationis
320 3973 411 4019 causa
434 3956 558 4024 iaciunt:
581 3953 723 4033 Habeat,
748 3955 857 4035 inquit,
879 3952 1050 4015 mercedem
1072 3971 1169 4017 suam.

182 4107 382 4120 μ

248 4197 276 4262 1)
295 4195 379 4250 llettb.
400 4194 427 4262 6,
445 4197 470 4248 2.
