2932 4700
431 373 477 428 DE
496 373 634 430 ommis
653 373 876 432 timismobttm
894 375 992 433 libuli
1009 379 1028 432 l.
1235 377 1278 446 '19

258 530 339 598 138.
384 535 539 600 Potentiae
562 551 683 617 quoquo
707 535 852 618 cupiditas
876 533 1001 602 formum
1019 537 1147 604 iustitiae
1163 537 1278 604 virilem

179 645 337 710 olleminot.
386 649 545 724 Quomodo
577 651 657 712 enim
690 655 792 732 potest
824 669 880 734 pro
914 653 978 718 abis
1012 653 1194 720 intervenire
1228 655 1278 736 qui

177 759 253 822 elios
269 761 325 824 sibi
341 761 481 826 subicere
501 770 643 841 conatur,
668 769 698 826 et
721 763 836 827 infirmo
860 763 1006 828 adversus
1028 771 1167 846 potentes
1191 783 1278 847 opem

169 870 258 939 terre
283 873 333 954 qui
355 874 420 956 ipse
442 895 566 960 gravem
589 875 717 938 libertati
741 875 870 942 adfectat
893 878 1079 959 potentium?

556 1161 728 1230 CAPUT
762 1163 890 1230 XXIX.

176 1339 297 1399 lustitiarn
318 1345 344 1395 in
369 1343 438 1396 bello
467 1345 542 1396 etiam
571 1352 648 1414 atque
676 1345 737 1412 ipsis
762 1345 877 1398 hostibus
911 1347 1010 1397 servari
1038 1355 1156 1415 oportere
1182 1347 1278 1413 bloysls

176 1437 253 1498 atque
266 1430 379 1482 Helisaei
398 1431 522 1500 exemplis
541 1432 699 1496 ostenditur3
717 1432 750 1484 ab
768 1431 892 1485 Hebraeis
909 1441 996 1484 mutuo
1014 1441 1117 1488 veteres
1136 1438 1277 1504 accepisse,

177 1523 205 1567 ut
222 1516 310 1570 hostes
330 1517 489 1588 appellarent
508 1519 610 1569 nomine
628 1517 752 1582 molliori3
779 1518 890 1588 denique
909 1520 1021 1570 iustitiae
1045 1519 1235 1574 fundamentum
1252 1522 1278 1574 in

489 1605 539 1656 llde
559 1621 615 1658 esse
635 1622 665 1657 ac
683 1605 788 1657 formam
806 1606 967 1682 inrecclesia.

269 1781 339 1848 139.
385 1782 500 1856 Quanta
532 1789 628 1846 eutem
651 1784 762 1848 iustitie
784 1785 823 1847 sit
854 1802 893 1848 ex
923 1784 981 1846 boc
1010 1785 1143 1868 intellegi
1170 1791 1278 1867 potest,

178 1898 260 1978 quod
284 1915 341 1960 neo
363 1897 455 1977 locis,
478 1916 536 1960 nec
555 1897 709 1980 personis,
733 1917 790 1961 nec
809 1900 991 1981 temporibus
1015 1899 1177 1984 excipitur,
1201 1913 1278 1980 quse

177 2012 265 2073 etiam
287 2010 423 2074 hostibus
441 2017 633 2088 reservetur,
657 2018 705 2088 ut,
728 2011 753 2072 si
777 2012 953 2074 constitutus
971 2011 1010 2072 sit
1028 2029 1094 2073 eum
1119 2009 1206 2073 hoste
1228 2016 1279 2074 out

175 2124 261 2187 locus
291 2130 342 2186 aut
368 2123 431 2187 dies
464 2123 597 2205 praelio,
631 2123 779 2186 adversus
810 2124 949 2186 iustitiam
979 2129 1099 2204 putetur
1128 2129 1178 2185 eut
1209 2121 1277 2186 loco
1306 2139 1309 2148 ¹

177 2237 357 2319 praevenire
380 2242 431 2299 aut
454 2245 598 2320 tempore.
643 2237 769 2299 interest
793 2238 888 2316 enim,
920 2242 1018 2298 utrum
1046 2238 1151 2320 aliquis
1177 2255 1278 2320 pugna

177 2352 275 2432 alique
299 2357 330 2413 et
351 2351 492 2416 conflictu
514 2355 599 2437 gravi
623 2353 765 2435 capiatur,
789 2371 826 2415 err
849 2353 1006 2434 superiore
1030 2352 1125 2434 gratia
1148 2350 1197 2413 vel
1220 2350 1278 2413 oli-

177 2482 238 2545 quo
262 2471 383 2528 eventu.
429 2464 580 2546 Siquidem
612 2465 883 2528 vehementioribus
915 2464 1052 2528 hostibus
1076 2472 1105 2527 et
1127 2463 1225 2526 infidis
1249 2468 1279 2527 et

176 2577 240 2656 bis,
267 2579 318 2658 qui
342 2560 466 2659 emplids
489 2579 649 2658 laeserint,
680 2579 887 2642 vehementior
909 2579 1040 2642 refertur
1062 2577 1152 2655 ultio,
1184 2584 1217 2639 ut
1241 2576 1279 2639 de
1330 2574 1336 2585 '

177 2690 361 2768 madianitis,
384 2687 413 2774 ¹)
447 2691 498 2770 qui
520 2691 738 2771 per-mulieres
762 2709 831 2753 suus
854 2689 1018 2772 plerosque
1041 2706 1170 2770 peccare
1192 2688 1278 2752 lece-

176 2811 244 2868 runt
271 2823 311 2866 ex
341 2803 430 2886 plebe
452 2802 648 2882 ludaeorum,
680 2804 760 2866 unde
792 2810 823 2865 et
855 2801 904 2865 dei
933 2803 962 2864 in
994 2800 1135 2884 populum
1162 2809 1278 2883 patrum

176 2917 330 2981 iracundie
359 2915 455 2981 effuse
488 2922 542 2978 est.
587 2914 625 2977 lic
647 2914 716 2978 ideo
739 2915 847 2978 lactum
870 2922 932 2992 est,
966 2921 999 2976 ut
1020 2913 1132 2976 nullum
1154 2914 1277 2996 Moyses

176 3030 275 3092 vietbr
297 3044 460 3110 superesse
490 3031 661 3107 peteretur3
692 3001 871 3088 danaorum
901 3031 1015 3105 autem,
1032 3024 1064 3106 ²)
1100 3028 1149 3108 qui
1172 3026 1278 3090 fraude

176 3143 288 3226 magis,
319 3159 408 3221 quam
431 3139 511 3202 bello
540 3144 756 3220 temptaverant
785 3137 902 3219 plebem
929 3147 1061 3221 patrum,
1092 3157 1153 3204 non
1176 3157 1277 3221 expu-

176 3260 286 3340 gnaret
300 3255 402 3333 lesus,
424 3252 478 3316 sed
503 3251 681 3316 conditionis
702 3252 846 3333 inpositae
872 3251 1007 3316 alliceret
1029 3253 1144 3316 iniuria.
1183 3252 1278 3335 Syros

177 3386 251 3433 vero
274 3367 449 3446 Helisaeus,
484 3383 560 3446 quos
584 3365 755 3429 obsidentes
779 3367 809 3428 iu
832 3367 981 3430 civitatem
1005 3366 1179 3446 induxerat,
1207 3383 1277 3428 mo-

177 3486 334 3544 mentanea
369 3478 512 3541 coecitate
540 3494 720 3558 percussos,
755 3481 786 3538 ut
817 3495 877 3557 quo
911 3477 1144 3562 ingrederentur
1173 3477 1277 3542 videre

176 3612 239 3658 non
260 3597 401 3675 possent,
432 3590 544 3653 volenti
573 3591 638 3674 regi
668 3590 761 3669 lsrael
791 3597 949 3673 percutere
978 3611 1039 3656 nou
1068 3592 1278 3674 adquiesceret

176 3708 297 3771 dicens:
315 3703 349 3790 ³)
379 3705 451 3767 Nou
478 3706 636 3784 percuties
666 3723 745 3784 quos
773 3723 837 3767 nou
869 3706 1038 3783 coptiocstr'
1060 3707 1094 3767 ira
1116 3706 1227 3770 lancea
1248 3713 1279 3769 et

176 3822 212 3883 r'n
232 3821 341 3901 qlodr'o
364 3828 436 3891 tuo,·
467 3835 551 3896 poue
573 3817 620 3879 ec's
638 3835 754 3897 ponem
776 3824 806 3878 ct
826 3833 958 3897 aquom,
981 3825 1016 3879 ct
1037 3819 1227 3881 manducent
1248 3827 1279 3881 et

177 3932 287 3995 bibunt
308 3941 339 3994 ct
359 3930 557 3994 remittuntur
580 3936 611 3991 et
631 3937 705 3992 cont
727 3929 770 3991 cd
790 3928 949 4008 domiuum
971 3948 1079 4008 suum,
1114 3938 1147 3994 ut
1168 3930 1276 3996 bume-

250 4172 279 4241 1)
297 4171 370 4224 Num.
390 4170 434 4238 31,
452 4169 469 4222 3
487 4186 558 4240 seqq.
631 4170 660 4237 2)
677 4168 761 4250 losue.
780 4169 807 4236 9,
827 4169 861 4222 20
880 4185 952 4240 seqq.
1022 4167 1053 4239 a)
1071 4169 1095 4223 1.
1113 4169 1177 4242 neg.
1193 4171 1219 4238 6,
1233 4163 1275 4226 tt.
