2976 4706
424 361 470 415 nb
488 359 625 416 climens
644 356 869 416 ulnistnonblt
887 359 984 417 trabit
1001 361 1032 419 II.
1211 367 1270 432 161

180 521 272 586 Israel
302 538 362 586 non
394 522 597 605 reperiretur,
626 540 645 586 a
674 521 805 606 vestigio
836 522 922 607 pedis
952 541 1050 606 usque
1078 522 1116 588 ad
1142 522 1286 588 verticem

181 633 384 699 inmaculatus.
428 633 456 697 Is
480 633 550 698 lecit
571 634 628 698 sibi
658 651 766 698 currus
788 640 819 698 et
842 651 938 715 equos
962 641 993 700 et
1015 636 1100 702 uiuos
1133 637 1286 718 quinqua·

180 748 281 831 ginta,
303 748 354 830 qui
375 751 606 830 praecurrerent
628 750 697 807 ante
720 763 797 810 oum.
837 744 985 829 Surgebat
999 744 1130 810 diluculo
1145 753 1176 810 et
1190 746 1287 810 stabat

180 865 249 924 ante
266 865 381 942 portam
401 859 431 921 in
453 857 512 937 via,
536 863 566 920 et
588 857 725 938 siquem
747 857 928 920 advertisset
950 859 1034 942 reple
1056 858 1165 923 iudicia
1187 876 1286 940 quae-

180 978 316 1052 rentem,
347 970 511 1035 accedebat
533 970 570 1035 ad
593 989 678 1051 eum,
712 969 831 1034 dicens:
861 969 908 1034 Ex
938 989 997 1052 qua
1026 971 1149 1036 ciuitate
1171 987 1205 1034 es
1228 971 1286 1034 tu‘t
1421 1003 1429 1016 ·

180 1083 394 1168 despondebat
416 1085 483 1148 ille:
505 1083 553 1146 Ex
574 1101 634 1147 una
656 1083 735 1147 tribu
756 1101 822 1146 sum
841 1082 879 1145 de
894 1083 1028 1147 tribubus
1050 1083 1155 1164 Israel,
1176 1100 1286 1148 servus

180 1202 259 1260 tuus.
304 1197 466 1261 Referebat
488 1198 674 1263 Abessalon:
705 1197 804 1262 Verba
836 1203 886 1262 tua
911 1197 991 1262 bona
1021 1203 1091 1261 sunt
1112 1202 1142 1260 et
1163 1195 1286 1277 directa,

181 1308 285 1388 etqui
308 1313 337 1370 te
360 1309 478 1390 audiat,
501 1279 563 1373 non
585 1309 705 1372 esttibi
729 1308 814 1372 datus
837 1328 855 1373 a
877 1309 981 1393 reget
1026 1308 1100 1384 Quia
1125 1308 1287 1374 constituet

180 1437 228 1481 mo
250 1420 402 1484 Iudicem?
436 1426 466 1484 et
487 1421 622 1503 quisquis
646 1420 683 1483 ad
705 1439 753 1483 me
774 1421 893 1501 ueniet,
923 1421 1101 1500 cuicumque
1123 1419 1214 1483 luerit
1234 1418 1285 1482 iu-

180 1529 288 1594 dicium
311 1532 535 1612 necessarlum,
562 1530 727 1596 iustificabo
749 1532 840 1595 illum.
885 1530 1006 1595 Talibus
1036 1531 1198 1595 deliniebat
1217 1531 1285 1595 sin-

180 1645 270 1726 gulos
285 1646 484 1709 sermonibus.
528 1643 564 1708 Et
580 1663 647 1709 cum
662 1644 841 1708 accederent
863 1643 993 1709 adorare
1015 1663 1093 1726 cum,
1116 1644 1285 1709 extendens

182 1771 288 1817 manus
310 1772 381 1818 suos
412 1755 655 1839 adprehendebat
682 1762 772 1838 atque
801 1756 994 1821 osculabatur
1023 1775 1088 1823 eos.
1133 1758 1183 1824 Sic
1205 1775 1286 1822 con-

180 1869 270 1930 vertit
285 1867 316 1930 in
331 1886 367 1931 se
382 1866 475 1932 cerda
491 1870 631 1950 omnium,
654 1867 722 1932 dum
744 1869 906 1934 blanditIae
928 1869 1095 1936 huiusmodi
1116 1870 1285 1935 lntImorum

182 1987 308 2064 tangunt
329 1983 478 2046 viscerum
501 2001 631 2048 sensum.

270 2092 342 2158 115.
386 2094 447 2160 Sed
470 2093 589 2158 delicati
610 2094 658 2158 isti
680 2101 711 2157 et
734 2093 883 2159 ambitiosi
912 2093 1070 2178 elegerunt
1097 2093 1285 2158 honorabilia

180 2211 212 2270 et
233 2211 318 2289 mata
349 2204 386 2268 ad
417 2212 532 2288 tempus
555 2213 585 2270 et
607 2205 743 2270 iucunda.
788 2206 844 2270 Ubi
872 2223 965 2288 parva
994 2206 1145 2289 processit
1174 2205 1286 2285 dilatio,

181 2336 269 2400 quam
291 2317 423 2399 prudens
454 2318 584 2381 omnium
613 2318 759 2401 propbeta
789 2318 942 2400 paulisper
975 2316 1114 2382 codem
1145 2319 1287 2401 interpo-

180 2430 310 2496 nendam
333 2431 465 2512 putavit,
487 2448 549 2494 non
571 2436 735 2513 potuerunt
754 2431 885 2495 tolerare
900 2449 936 2495 ac
950 2433 1111 2495 sustinere.
1149 2430 1287 2512 Denique

181 2563 242 2608 non
266 2545 403 2608 dubitans
424 2543 462 2606 de
481 2543 606 2605 virtorla
621 2540 716 2604 David
737 2540 961 2606 commendabat
982 2542 1073 2606 illlum
1095 2541 1287 2622 dimicaturis,

181 2665 214 2722 ut
236 2661 264 2722 ei
286 2664 454 2742 parcerent.
474 2653 504 2739 ¹)
549 2654 681 2736 Ideoque
704 2673 761 2718 neo
783 2656 898 2738 praelio
921 2656 1070 2719 interesse
1100 2655 1218 2735 moluit,
1247 2672 1287 2718 ne

182 2773 233 2835 uel
254 2771 373 2835 reterre
396 2788 494 2850 arma,
516 2767 685 2851 parricidae
707 2769 794 2850 licet,
818 2769 990 2849 uideretur,
1018 2768 1074 2832 sed
1095 2775 1193 2832 tamea
1215 2769 1285 2832 tillo.

274 2883 344 2948 116.
388 2885 494 2967 Liquet
528 2885 620 2968 igitur
652 2901 689 2946 ea
723 2901 793 2948 esse
825 2890 969 2966 perpetua
999 2900 1035 2946 ac
1062 2879 1176 2961 solida,
1207 2899 1286 2961 quae

71 2973 73 2978 ⁵
180 3015 254 3060 vera
284 3002 354 3059 sunt
375 3002 406 3059 et
428 3015 505 3078 quac
535 2998 656 3060 sincere
684 2999 799 3078 potius,
833 3015 921 3076 quam
944 2995 1014 3059 dolo
1043 2999 1286 3078 congregantem

181 3126 219 3170 ea
250 3125 345 3187 vero,
379 3126 457 3188 quae
485 3107 676 3171 simulatione
705 3114 794 3189 atque
827 3107 1037 3171 adsentatione
1070 3114 1172 3190 parata
1204 3113 1285 3185 sunt,

181 3239 243 3286 non
265 3237 358 3303 posse
383 3220 432 3283 diu
455 3237 665 3302 perseverare.

566 3417 738 3486 CAPUT
769 3417 898 3484 XXIII.

180 3563 292 3631 Eorum,
312 3566 357 3634 qui
375 3563 417 3616 rel
436 3564 546 3631 pecuale
565 3565 607 3617 vel
624 3565 719 3618 ambita
737 3564 865 3633 redempti
882 3562 987 3628 medat,
1011 3563 1104 3616 doxam
1122 3561 1197 3615 tidem
1213 3576 1282 3616 erre

272 3685 343 3752 117.
388 3689 462 3764 oculs
492 3688 583 3772 igitur
611 3689 660 3752 vel
682 3689 767 3769 illos,
801 3688 851 3769 qui
874 3686 1001 3771 pecunia
1023 3685 1060 3750 ad
1081 3683 1284 3751 obedIentiam

181 3801 382 3882 redimuntur,
418 3801 467 3865 vel
490 3819 563 3882 eoS,
597 3803 648 3884 qui
677 3802 884 3866 adsentatione
916 3801 1092 3880 Invitantur,
1127 3798 1203 3862 fidos
1226 3797 1284 3862 sibi

181 3914 367 3978 arbitretur?
411 3916 485 3980 Nam
509 3922 540 3979 et
561 3915 604 3979 illi
627 3915 801 3998 frequenter
831 3915 1024 3979 revendere
1056 3913 1159 3978 volunt
1180 3919 1212 3976 et
1233 3911 1282 3974 isti
1343 3967 1350 3980 .

253 4153 280 4219 t)
300 4153 326 4205 2.
344 4153 408 4223 Iteg.
428 4155 471 4221 18,
489 4158 514 4208 5.

233 4253 396 4303 Auoaosrus.
1031 4249 1069 4317 11
