2976 4706
240 351 304 415 1⁷0
686 343 712 399 s.
731 342 885 398 nnuuosn

240 507 457 591 conparandae,
480 515 511 571 et
534 525 637 570 aurum
660 505 733 568 vidit
755 506 830 588 eripi
853 513 884 568 et
906 522 940 568 se
962 503 991 566 in
1007 501 1204 586 captivitatem
1220 501 1336 564 deduci.

239 623 434 700 Laurentius,
467 623 517 703 qui
546 639 649 684 aurum
679 619 827 681 ecclesiae
856 618 957 682 maluit
987 634 1118 698 erogare
1146 616 1335 697 pauperibus,

240 753 326 815 quum
349 735 536 816 persecutori
558 751 729 810 reservare,
752 751 807 814 pro
830 731 974 814 singulari
994 747 1068 792 suae
1083 728 1336 810 interpretationis

239 847 397 910 vivacitate
425 865 541 910 sacrum
567 847 700 930 martyrii
721 847 838 926 accepit
860 861 1010 907 coronam.
1055 841 1204 923 Numquid
1227 841 1337 902 dietum

240 967 287 1024 est
308 967 412 1025 sancto
428 962 604 1026 Laurentio:
628 961 694 1023 Non
715 959 842 1022 debuisti
861 975 990 1040 erogare
1007 956 1164 1019 thesauros
1180 954 1338 1033 ecclesiae,

240 1091 310 1138 vasa
333 1081 587 1138 sacramentorum
612 1069 772 1134 rendere?

330 1180 401 1248 142.
447 1183 530 1264 Opus
554 1188 616 1262 est,
649 1189 681 1245 ut
703 1183 770 1262 quis
793 1177 852 1242 lrde
873 1179 992 1241 sincera
1014 1183 1044 1240 et
1067 1176 1233 1258 perspicaci
1262 1194 1339 1257 pro-

242 1295 371 1360 videntia
400 1313 506 1358 munus
530 1293 588 1358 hoe
611 1294 729 1374 inpleat.
776 1292 854 1356 Sane
885 1289 911 1352 si
940 1287 970 1350 in
1001 1306 1055 1350 sua
1085 1287 1192 1368 aliquis
1223 1287 1340 1374 derivet

135 1435 138 1439 ·
241 1409 448 1488 emolumenta,
471 1409 583 1472 crimen
600 1413 646 1469 est
654 1427 664 1483 3
688 1407 734 1468 sin
757 1423 832 1468 vero
855 1402 1036 1486 pauperibus
1053 1405 1169 1482 erogat,
1192 1401 1340 1481 captivum

240 1519 376 1601 redimit,
411 1520 616 1585 misericordia
649 1525 703 1582 est.
756 1517 851 1580 Nemo
885 1517 963 1580 enim
994 1519 1096 1596 potest
1127 1513 1245 1576 dicere:
1281 1513 1341 1576 Gur

240 1637 355 1715 pauper
377 1635 476 1697 vivit?
512 1634 608 1695 Nemo
632 1637 731 1714 potest
753 1630 849 1711 queri,
873 1631 941 1710 quia
963 1627 1072 1718 captivi
1093 1627 1240 1707 redempti
1254 1632 1341 1702 sunt;

240 1763 330 1809 nemo
352 1753 452 1829 potest
474 1763 628 1825 accusare,
652 1746 721 1825 quia
738 1743 878 1824 templum
898 1741 947 1805 dei
962 1741 1148 1806 aedificatum
1164 1747 1227 1818 est3
1251 1758 1340 1805 nemo

240 1868 341 1944 potest
363 1860 521 1946 indignari,
548 1861 617 1940 quia
640 1857 795 1924 humandis
818 1854 947 1920 fidelium
969 1855 1103 1936 reliquiis
1126 1855 1221 1936 spatia
1243 1853 1341 1918 laxata

239 1978 309 2036 sunt
316 1995 325 2052 3
356 1991 445 2036 nemo
476 1979 577 2056 potest
605 1973 727 2051 dolere,
758 1973 827 2053 qnia
856 1971 886 2034 in
917 1968 1085 2051 sepulchris
1108 1967 1340 2030 ChrIstianorum

240 2089 364 2170 requies
388 2087 596 2152 defunctorum
619 2092 672 2150 esb
716 2085 750 2148 ln
771 2085 817 2148 bis
839 2085 933 2147 tribus
955 2081 1118 2164 generibus
1141 2095 1214 2144 vasu
1236 2079 1340 2142 eccle-

241 2203 305 2266 siae
328 2203 415 2265 etiam
438 2201 548 2265 initiata
573 2201 776 2286 confringere,
800 2200 949 2278 condere,
973 2197 1108 2261 vendere
1130 2197 1210 2260 licet.

331 2311 402 2379 tna.
448 2315 531 2398 Opus
553 2323 608 2394 est,
631 2323 665 2380 ut
687 2315 725 2378 de
748 2315 877 2378 ecelesia
899 2311 1017 2395 mystici
1039 2309 1140 2392 peculi
1162 2307 1258 2372 iorma
1279 2325 1341 2371 non

242 2434 347 2506 exeat,
378 2447 418 2489 ne
448 2428 485 2492 ad
514 2447 587 2493 usus
617 2430 749 2492 nefarios
780 2429 859 2492 sacri
889 2426 988 2490 calicis
1019 2423 1214 2487 ministerium
1237 2429 1340 2484 trans·-

241 2537 364 2600 leratur.
419 2537 491 2600 ldeo
526 2541 603 2602 intre
637 2539 795 2602 ecclesiam
828 2539 953 2620 primum
987 2536 1121 2617 quaesita
1155 2543 1225 2599 sunt
1259 2553 1341 2615 vasa,

241 2667 320 2729 quae
342 2649 452 2711 initiata
475 2667 535 2715 non
556 2657 659 2714 essent
666 2673 675 2726 ;
699 2650 807 2713 deinde
823 2651 1010 2727 comminuta,
1033 2655 1186 2730 postremo
1203 2632 1340 2727 conflatu,

241 2777 298 2842 per
319 2759 454 2825 minutias
477 2763 662 2844 erogationis
683 2761 852 2842 dispensata
869 2761 1037 2844 egentibus,
1059 2763 1243 2842 captivorum
1260 2779 1340 2841 quo-

241 2893 300 2956 que
322 2875 425 2956 pretiis
448 2874 649 2955 proiecerunt.
687 2874 775 2949 Quod
798 2875 825 2937 si
848 2875 956 2938 desunt
977 2893 1056 2938 nova
1079 2881 1109 2936 et
1130 2893 1207 2955 quae
1222 2892 1340 2954 nequa-

242 3004 330 3066 quam
350 2987 462 3050 initiate
478 2985 646 3065 videantur,
668 2987 698 3049 in
714 2985 883 3050 huiusmodi
898 3003 981 3066 usus,
1005 3003 1082 3066 quos
1098 2986 1340 3068 supradiximus,

242 3099 371 3166 arbitror
394 3100 491 3166 omniu
514 3101 563 3182 pie
586 3117 678 3186 posse
702 3102 847 3165 converti.

624 3316 797 3384 CAPUT
831 3316 960 3382 XXIX.

241 3463 365 3532 Deposita
389 3463 538 3531 viduarum,
565 3468 642 3516 immo
668 3465 779 3516 omniurn
804 3464 917 3515 fidelium
941 3465 967 3515 in
991 3465 1102 3516 ecclesia
1129 3479 1184 3515 cum
1209 3465 1248 3514 sui
1265 3463 1341 3514 etiarn

240 3552 355 3619 periculo
374 3551 476 3603 defendi
497 3562 633 3621 oportere:
653 3567 779 3620 quaeres
798 3550 878 3622 Ouiae
896 3553 1055 3618 sacerdotis,
1073 3551 1200 3607 Ambrosii
1219 3566 1250 3602 uc
1269 3549 1339 3602 Tici-

525 3643 610 3693 nensis
629 3640 742 3708 episcopi
762 3639 884 3706 exemplis
903 3640 1056 3692 inlustratur.

331 3777 401 3843 ldd.
447 3781 521 3844 lllud
543 3801 616 3846 saue
639 3781 797 3866 diligenter
819 3781 959 3845 tuendum
983 3788 1045 3860 est,
1077 3788 1109 3844 ut
1133 3781 1267 3864 deposita
1289 3781 1341 3844 vi-

242 3894 366 3958 duarum
396 3896 570 3958 intemerata
599 3904 753 3974 maneant,
785 3895 851 3960 sine
881 3895 940 3958 ulla
971 3901 1132 3958 serventur
1162 3894 1340 3971 offensione,

240 4024 303 4069 non
325 4006 422 4070 solum
444 4007 610 4088 viduarum,
632 4009 685 4072 sed
709 4009 797 4072 etiam
813 4009 960 4085 omnium3
984 4008 1058 4072 fides
1075 4008 1154 4070 eninr
1170 4007 1341 4070 exbibenda

242 4122 287 4178 est
310 4117 456 4197 omnibus,
480 4118 534 4180 sed
558 4119 652 4182 rnaior
675 4125 721 4182 est
744 4119 897 4184 viduarum
921 4135 1010 4184 causa
1032 4103 1073 4182 et'
1087 4119 1275 4201 pupillorum.
