2976 4702
234 301 300 366 214
675 295 701 351 s.
720 292 875 349 aunnosu

633 461 802 528 CAPUT
837 461 931 530 XIX.

236 611 358 664 Narratur
376 609 510 662 admissum
528 609 553 660 iu
573 608 665 661 levitae
683 609 813 661 cuiusdam
831 625 935 660 uxorem
954 625 968 660 a
987 609 1085 661 civibus
1103 609 1188 662 Gabra
1206 607 1327 678 flagitium

236 707 313 768 atquo
331 713 364 750 cx
383 698 448 749 illius
467 697 562 748 ultione
581 696 706 766 colligitur
725 712 799 766 quarn
822 697 952 750 actoribus
976 697 1024 750 illis
1050 696 1220 752 cordinlucrit
1243 697 1327 750 houe-

702 787 772 837 statis
789 787 861 838 ratio.
909 794 913 798 “

327 907 396 975 111.
442 909 555 984 Quanta
586 915 683 973 autem
713 909 876 974 honestatis
907 929 978 973 cura
1008 907 1167 974 maioribus
1196 907 1267 987 luit,
1297 912 1331 970 ut

172 1051 179 1068 ι
238 1027 324 1091 unius
355 1024 485 1087 mulieris
512 1023 647 1085 iniuriam
678 1028 782 1104 stupro
814 1023 932 1085 inlatam
962 1021 1217 1103 intemperantium
1250 1019 1329 1094 hello

239 1145 491 1224 persequerentur
514 1144 544 1199 et
565 1139 643 1200 victo
673 1137 784 1220 populo
816 1137 908 1200 tribus
931 1136 1083 1199 Beniamin
1113 1134 1331 1198 obtestarentur

240 1255 270 1316 in
294 1252 463 1336 coniugium
486 1268 520 1313 se
544 1253 586 1312 eis
616 1252 751 1333 proprias
774 1250 848 1313 lilias
871 1269 932 1315 non
956 1247 1094 1312 daturos!
1138 1247 1332 1310 Remanserat

240 1367 333 1428 tribus
355 1365 420 1428 sine
442 1365 503 1427 ullo
525 1365 708 1445 posteritatis
731 1364 881 1444 subsidio,
914 1364 970 1427 nisi
1000 1363 1111 1426 fraudis
1140 1361 1331 1426 necessariae

243 1481 408 1561 accepisset
429 1479 583 1542 licentiam.
629 1478 712 1552 Quae
735 1483 831 1540 tamen
855 1477 1038 1560 indulgentia
1060 1495 1196 1562 congruo
1220 1478 1331 1540 intem-

242 1593 394 1678 perantiae
416 1593 561 1674 supplicio
584 1611 645 1656 non
667 1593 785 1657 videtur
807 1609 926 1672 vacare,
949 1591 1067 1674 quando
1090 1591 1147 1655 illis
1165 1592 1223 1656 hoc
1238 1591 1333 1655 solum

243 1709 418 1790 permissum
441 1713 503 1784 est,
525 1711 557 1768 ut
578 1712 663 1787 rapto
686 1706 793 1768 inirent
816 1707 974 1789 coniugia,
1004 1722 1064 1768 non
1087 1705 1206 1767 conubii
1227 1723 1333 1767 sacra-

245 1829 353 1884 mento.
397 1818 434 1881 Et
456 1837 562 1882 revera
585 1818 706 1902 dignum
730 1819 784 1882 luit
812 1826 843 1882 ut
873 1821 923 1900 qui
953 1819 1080 1882 alienum
1110 1819 1334 1882 contubernium

245 1935 396 1998 solverant
417 1931 474 2015 ipsi
496 1935 663 2015 nuptiarum
685 1935 851 1997 amitterent
873 1935 1106 1998 sollemnitatem.

334 2044 405 2112 112.
450 2047 544 2121 Quam
566 2048 653 2131 plena
675 2056 773 2113 autem
795 2049 994 2113 miserationis
1016 2047 1163 2111 historia?
1199 2047 1261 2126 Vir,
1284 2048 1335 2110 in-

246 2163 317 2244 quit,
336 2158 364 2245 ¹)
387 2161 474 2223 levita
497 2169 655 2242 acceperat
676 2161 732 2223 sihi
755 2161 883 2243 iugalem
906 2156 1012 2246 (quam
1036 2178 1053 2222 a
1076 2160 1234 2225 concubitu
1257 2165 1335 2222 coir-

246 2277 381 2340 cubinam
404 2277 576 2358 appellatam
599 2272 762 2359 arbitror),
792 2295 868 2358 quae
891 2277 1039 2359 aliquanto
1063 2281 1131 2358 post
1152 2274 1337 2355 quibusdam,

247 2397 279 2453 ut
300 2390 364 2452 lieri
387 2390 477 2469 solet,
502 2389 615 2452 ollensa
638 2392 728 2454 rebus
751 2390 789 2453 ad
812 2398 924 2474 patrem
946 2409 981 2454 se
1005 2391 1128 2455 contulit
1150 2396 1180 2452 et
1202 2389 1256 2452 luit
1278 2389 1337 2451 illic

248 2511 386 2585 quattuor
409 2504 567 2567 mensibus.
611 2504 648 2566 Et
678 2506 810 2568 surrexit
841 2508 887 2568 vir
919 2506 982 2568 eius
1015 2511 1045 2568 et
1074 2505 1143 2567 abiit
1172 2503 1208 2566 ad
1238 2503 1338 2567 soceri

249 2619 295 2680 sui
318 2616 450 2696 domum,
474 2625 506 2680 ut
528 2638 594 2681 cum
617 2637 670 2682 sua
693 2621 783 2704 iugali
806 2628 960 2703 repararet
982 2621 1106 2703 gratiam
1129 2623 1159 2680 et
1180 2625 1339 2682 revocaret

250 2747 313 2792 eam
338 2749 372 2792 ac
394 2730 561 2794 reduceret.
606 2731 743 2796 Occurrit
765 2735 793 2795 ei
815 2733 919 2796 mulier
942 2739 1029 2815 atque
1052 2734 1082 2796 in
1105 2734 1223 2798 domum
1245 2732 1339 2814 patris

251 2845 297 2908 sui
318 2845 480 2908 introduxit
502 2847 643 2911 maritum.
673 2891 676 2896 -

343 2955 413 3019 113.
457 2957 593 3022 Laetatus
617 2969 663 3023 est
685 2961 925 3026 adulescentulae
948 2968 1043 3045 pater,
1068 2964 1150 3027 venit
1172 2964 1289 3027 obviam
1311 2968 1341 3026 et

252 3070 328 3136 sedit
357 3089 422 3134 cum
455 3091 492 3136 ec
524 3075 616 3137 tribus
645 3075 765 3152 diebus;
798 3081 828 3137 et
857 3075 965 3157 epulati
995 3083 1063 3139 sunt
1093 3083 1123 3140 et
1155 3076 1340 3157 quieverunt.

252 3187 290 3250 Et
310 3189 447 3268 sequenti
470 3188 517 3251 dic
540 3192 676 3270 surrexit¹
692 3189 781 3252 levita
806 3188 935 3254 diluculo
966 3195 996 3252 et
1023 3195 1156 3253 retentus
1179 3198 1226 3252 est
1247 3208 1264 3251 a
1286 3207 1341 3251 so-

254 3319 336 3381 cero,
364 3309 395 3364 ut
426 3308 482 3365 tam
515 3306 572 3368 cito
605 3322 665 3366 non
696 3303 850 3366 desereret
879 3304 1008 3367 convivii
1038 3304 1255 3367 iucunditatem.
1306 3301 1342 3364 Et

254 3415 311 3478 alio
335 3423 365 3477 et
387 3416 472 3478 tertio
496 3415 544 3478 die
567 3433 627 3478 non
656 3416 786 3497 permisit
812 3422 896 3498 pater
926 3415 1164 3480 adulescentulae
1194 3415 1342 3499 proficisci

255 3549 399 3613 generum
423 3548 523 3608 suum,
553 3529 648 3591 donec
670 3528 777 3591 laetitia
801 3536 832 3591 et
853 3530 948 3611 gratia
971 3531 1048 3593 inter
1070 3548 1124 3593 eos
1147 3531 1243 3594 omnis
1265 3547 1343 3593 cou-

255 3652 460 3708 summaretur.
505 3642 564 3708 Sed
587 3641 635 3704 die
657 3643 782 3724 septimo
810 3663 876 3707 oum
904 3645 961 3706 iam
991 3645 1027 3707 ad
1056 3662 1216 3728 vesperum
1246 3643 1344 3706 decli-

256 3765 357 3850 naret,
372 3759 435 3822 dies
466 3762 532 3839 post
561 3775 678 3820 mensas
709 3764 739 3820 et
767 3758 842 3821 laeta
873 3760 1026 3837 convivia,
1060 3777 1125 3822 cam
1156 3763 1345 3840 praetexeret

257 3872 395 3935 finitimae
425 3870 519 3932 noctis
548 3871 704 3951 viciniam,
736 3876 767 3932 nt
796 3869 873 3954 apud
903 3887 976 3934 suos
1005 3871 1119 3953 potius,
1151 3891 1237 3953 quam
1267 3870 1345 3954 apud

265 4023 463 4034 ——u-—nn

329 4110 428 4182 1de.
449 4110 490 4177 ta,
512 4109 523 4162 l
543 4125 613 4180 seqq.
