2932 4700
387 347 433 402 nn
453 343 591 402 ormons
610 339 836 400 urnurnonuu
853 339 950 398 nmen
967 341 987 400 1.
1191 340 1233 410 τε

228 507 299 577 125.
344 509 488 574 Omnibus
510 509 602 593 igitur
623 507 790 574 hominibus
812 507 892 570 inest
912 506 1079 571 secundum
1101 511 1234 570 naturam
1261 469 1284 548 1

134 627 292 693 humanam
314 642 419 686 verum
442 623 641 704 investigare,
665 638 742 701 quae
763 637 821 684 nos
843 618 881 682 ad
902 618 1030 684 studium
1054 618 1233 702 cognitionis

135 744 166 800 et
188 736 332 800 scientiae
363 734 451 797 trahit
475 739 505 796 et
526 731 694 814 inquirendi
722 730 849 795 infundit
877 731 1072 813 cupiditatem.
1117 732 1149 794 in
1172 750 1233 811 quo
1277 814 1283 823 ⁸

135 850 289 913 excellere
318 848 466 912 universis
495 846 650 927 pulchrum
674 845 807 925 videtur,
843 844 896 908 sed
919 863 1082 926 paucorum
1106 853 1153 908 est
1175 846 1233 907 ad-

134 963 239 1044 sequi,
270 963 321 1043 qui
344 960 495 1025 volvendo
520 961 735 1043 cogitationes,
769 959 892 1023 consilia
924 957 1139 1037 examinando,
1172 975 1233 1022 non

134 1075 318 1139 mediocrem
347 1073 512 1156 inpendunt
541 1073 691 1152 laborem,
722 1080 754 1135 ut
776 1071 813 1134 ud
836 1072 908 1136 illud
930 1072 1017 1135 beate
1048 1071 1233 1152 honesteque

134 1189 294 1252 vivendum
331 1189 493 1271 pervenire
526 1187 643 1269 possint
679 1192 768 1267 atque
805 1186 946 1268 operibus
983 1185 1232 1267 adpropinquare.

70 1295 73 1302 ’
134 1301 206 1366 Non
237 1303 318 1366 caim
347 1303 402 1383 qui
432 1303 570 1378 timorit,
605 1301 713 1382 inquit,
731 1297 761 1382 ¹)
791 1299 882 1362 mitti:
913 1299 1064 1376 Domine,
1099 1299 1232 1376 domine,

134 1416 269 1478 introbit
289 1416 323 1478 ia
346 1435 474 1496 capuam
497 1415 664 1492 caelorum,
688 1415 745 1476 sed
767 1415 821 1493 qai
842 1412 954 1491 feccrit
976 1430 1024 1489 ea,
1047 1431 1127 1493 quac
1150 1403 1232 1475 dico.

132 1528 208 1590 Nam
236 1527 334 1592 studia
364 1531 507 1592 scientiae
538 1529 603 1592 sine
635 1528 718 1590 tectis
749 1526 827 1590 haud
858 1527 922 1590 scio
948 1544 985 1589 an
1013 1528 1100 1590 etiam
1130 1521 1288 1634 insol-j

134 1646 205 1704 vant
227 1643 331 1726 magis.

508 1839 686 1908 CAPUT
721 1839 865 1906 XXVII.

133 2005 244 2058 Primum
264 2005 341 2058 officii
360 2005 456 2057 fontem
475 2020 533 2058 esse
553 2006 727 2073 prudentium,
756 2021 788 2056 ex
807 2019 856 2074 qua
875 2003 1005 2056 derivatae
1022 2013 1074 2056 tres
1093 2003 1158 2056 aliae
1178 2005 1233 2056 vir-

133 2102 215 2160 tutes,
243 2097 278 2148 ita
297 2113 355 2148 curn
375 2112 405 2148 ea
424 2104 500 2164 atque
518 2097 587 2148 inter
605 2111 634 2148 se
652 2110 767 2148 conexae
792 2103 865 2159 eunt,
889 2101 918 2144 ut
935 2109 950 2144 a
969 2091 1122 2146 seinvicem
1144 2090 1232 2146 divelli

524 2200 555 2236 ao
573 2185 686 2252 seperari
705 2189 841 2251 nequeant.

224 2321 294 2388 126.
338 2323 451 2388 Primus
474 2327 566 2409 igitur
589 2323 680 2388 officii
702 2323 771 2387 tons
794 2323 950 2406 prudentia
967 2331 1021 2387 est.
1061 2320 1137 2398 Ouid
1154 2321 1232 2384 enirn

133 2443 191 2500 tem
214 2436 335 2519 plenum
357 2437 463 2519 officii,
488 2458 575 2521 quum
599 2437 719 2501 deterre
742 2439 858 2501 auctori
881 2437 1007 2500 studium
1031 2442 1120 2518 atque
1138 2453 1232 2498 reve-

133 2551 284 2612 rentiam?
331 2551 389 2626 Qui
420 2560 518 2615 tamen
547 2552 616 2615 fons
647 2553 729 2614 etin
757 2553 885 2630 ,virtutes
916 2551 1068 2614 derivatur
1098 2557 1233 2628 ceterns;

133 2682 234 2744 neque
257 2665 335 2728 enirn
358 2673 459 2747 potest
480 2667 590 2729 iustitia
608 2666 674 2728 sine
690 2664 847 2747 prudentia
868 2682 946 2745 esse,
971 2684 1037 2734 cunr
1060 2664 1233 2727 examinare

133 2776 204 2859 quid
238 2779 344 2840 iustum
381 2781 491 2861 quidve
526 2782 665 2844 iniustum
698 2781 737 2843 sit
769 2799 830 2844 non
862 2779 1023 2843 mediocris
1056 2780 1233 2861 prudentiae

134 2893 190 2970 sit3
214 2909 344 2956 summus
367 2895 396 2957 in
421 2901 550 2975 utroque
575 2913 671 2958 error.
718 2895 779 2971 Oui
804 2896 882 2958 enim
904 2897 1020 2958 iustum
1042 2895 1165 2956 iudicet
1181 2894 1232 2956 in-

133 3006 265 3083 iustum,
289 2982 440 3069 iniustum
461 3027 537 3071 cero
569 3009 685 3070 iustum
716 3008 922 3072 consecrabilis
945 3009 1029 3089 apud
1050 3009 1148 3070 deum.
1197 3007 1235 3068 Ut
1340 3065 1342 3069 ,

135 3118 212 3198 qaid
233 3117 398 3180 abundant
419 3121 560 3182 iustitiae
586 3121 793 3199 inprudenti?
822 3121 964 3186 Salomon
987 3121 1035 3184 ait.
1049 3117 1083 3205 ²)
1127 3120 1233 3201 Neque

133 3231 241 3294 iterum
263 3230 421 3313 prudentia
444 3232 510 3296 sine
533 3234 642 3296 iustitia
666 3241 726 3311 est;
750 3235 845 3316 pietas
869 3237 948 3297 enim
967 3236 997 3296 in
1018 3234 1105 3296 deum
1121 3234 1233 3295 initium

133 3343 309 3406 intellectus.
341 3343 422 3417 ‚Quo
445 3343 626 3407 advertimus
649 3345 720 3408 iliud
743 3347 779 3408 ab
803 3347 890 3409 huius
920 3347 1032 3410 saeculi
1062 3345 1232 3408 translatum

134 3457 246 3538 magis,
277 3475 364 3536 quam
386 3459 538 3520 inventum
560 3459 759 3540 sapientibus,
792 3461 860 3540 quia
886 3461 980 3541 pietas
1012 3459 1232 3522 fundamentum

136 3574 183 3632 cst
205 3571 334 3633 omniurn
356 3573 505 3633 virtutum.

223 3681 294 3747 127.
339 3683 470 3747 iustitiae
493 3689 590 3746 autem
613 3684 708 3766 pietas
731 3692 777 3748 est
800 3688 894 3768 prima
917 3685 945 3748 in
970 3684 1075 3765 deum,
1101 3685 1232 3748 secunda

133 3794 165 3856 in
186 3795 328 3875 patriam,
360 3796 446 3858 tertia
469 3796 498 3856 in
522 3802 678 3876 parentes,
710 3798 778 3859 item
808 3798 837 3859 in
861 3816 982 3861 omnes:
1014 3817 1091 3879 quae
1114 3806 1144 3862 et
1168 3800 1232 3881 ipsa

135 3906 301 3970 secundum
317 3917 441 3972 naturae
458 3916 504 3971 est
519 3911 729 3993 magisterium.
769 3911 920 3993 Siquidem
935 3913 971 3977 ab
989 3915 1110 3978 ineunte
1124 3920 1231 3993 aetate,

208 4150 237 4234 1)
255 4148 341 4206 tiatttr.
359 4154 385 4233 7,
403 4153 445 4208 tt.
516 4153 547 4234 2)
565 4151 639 4208 Prov.
660 4153 703 4230 1⁷,
726 4152 757 4204 15
775 4169 831 4236 seq.
