2976 4706
405 333 450 388 DE
470 334 606 390 oratoris
624 335 846 390 tttutstaoattm
863 337 959 392 trena
977 339 1007 394 ll.
1195 346 1256 412 {33

162 494 301 576 pietatem
324 495 519 578 adquirimus,
544 515 620 578 quae
644 497 721 580 apud
742 496 829 561 deum
853 499 936 563 dives
959 511 1021 582 est,
1055 521 1114 566 non
1137 504 1256 568 caducis

162 604 365 690 facultatibus,
396 611 449 674 sed
474 613 644 676 muneribus
666 614 812 693 aeternis,
839 614 868 676 in
892 617 997 696 quibus
1020 635 1080 681 non
1104 620 1255 700 temptatio

162 722 292 802 lubrica,
315 724 369 787 sed
392 733 531 790 constans
555 734 585 790 et
607 733 751 810 perpetua
774 729 811 789 sit
833 731 937 811 gratia.

248 835 299 902 27.
344 837 398 903 Est
419 859 494 925 ergo
518 842 627 904 utilitas
650 843 706 904 alia
729 844 908 926 corporalis,
939 845 994 908 alia
1018 845 1149 928 pietatis,
1180 847 1255 910 sicut

162 948 259 1014 divisit
282 953 448 1034 apostolus:
467 953 497 1038 ¹)
523 955 708 1036 Corporales
727 959 806 1018 caim
829 959 1013 1022 exercitatio
1034 961 1076 1021 od
1090 961 1253 1038 modicum,

161 1065 272 1146 inquit,
304 1067 477 1145 oculisest,
505 1072 608 1150 pictos
639 1079 740 1134 cotem
771 1073 814 1133 od
845 1075 949 1135 orooio
970 1083 1016 1136 eat
1037 1075 1132 1136 utilis.
1178 1067 1254 1148 Ou'id

162 1187 260 1242 autem
282 1187 339 1242 tam
363 1181 541 1260 honestum,
574 1201 659 1262 quam
683 1184 865 1266 integritas?
911 1184 986 1259 Ouid
1016 1193 1072 1248 tam
1103 1186 1254 1267 decorum,

161 1312 248 1375 quam
271 1296 474 1358 inmaculatum
497 1315 622 1360 servare
646 1316 765 1379 corpuS,
789 1305 818 1360 et
840 1299 1008 1362 inviolatum
1031 1307 1118 1380 atque
1134 1301 1253 1362 intami-

161 1412 258 1468 natum
286 1407 457 1488 pudorem?
503 1408 578 1483 Ouid
611 1411 696 1471 etiam
725 1417 782 1471 tam
813 1411 972 1491 decorum,
1003 1431 1089 1492 quam
1113 1420 1143 1475 ut
1165 1413 1252 1476 vidua

161 1538 238 1583 uxor
262 1520 401 1582 defuncto
426 1522 545 1604 coniugi
569 1521 655 1583 fidem
681 1523 811 1586 servet?
856 1524 932 1598 Quid
956 1525 1043 1586 etiam
1064 1524 1122 1587 hoc
1144 1525 1251 1604 utilius,

161 1651 221 1716 quo
244 1652 368 1717 regnum
392 1635 522 1698 caeleste
544 1634 732 1715 adquiritur?
778 1635 855 1698 Sunt
877 1633 909 1721 Ἰ)
941 1639 1018 1699 enim
1049 1639 1102 1718 qui
1132 1657 1166 1699 se
1196 1659 1251 1700 oo-

160 1756 341 1810 straverunt
360 1758 490 1828 propter
514 1769 641 1830 repnom
664 1752 826 1814 coelorum.

565 1972 735 2040 CAPUT
772 1975 846 2040 Vll.

160 2139 295 2191 Utilitatem
308 2140 374 2190 idem
387 2154 444 2191 esse
458 2148 532 2207 atque
545 2139 718 2201 honestatem3
736 2139 798 2190 nihil
815 2149 899 2192 autem
919 2142 1001 2195 utilius
1018 2143 1164 2211 dilectione,
1184 2162 1248 2214 quae

138 2229 365 2298 mansuetudine,
391 2227 553 2290 affabilitate,
579 2227 761 2292 beneficentia,
786 2229 880 2279 iustitia
905 2229 1011 2298 aliisque
1032 2231 1164 2283 virtutibus
1183 2248 1247 2283 con-

159 2323 276 2382 paratur,
297 2315 507 2383 quemadmodum
528 2331 559 2365 ex
580 2315 673 2380 Moysis
692 2325 767 2384 atque
786 2315 888 2368 Davidis
905 2318 1009 2370 historia
1029 2320 1101 2371 datur
1118 2320 1247 2390 intellegi3

203 2411 333 2468 postremo
352 2412 378 2455 et
399 2421 414 2455 e
433 2403 568 2456 dilectione
587 2403 662 2454 fidem
680 2406 758 2468 nasci,
778 2413 805 2456 et
822 2421 906 2458 rursus
925 2422 940 2457 e
959 2406 1008 2459 lide
1027 2407 1199 2460 dilectionem.

245 2547 294 2612 28.
340 2548 393 2610 Est
416 2547 505 2631 igitur
527 2567 587 2611 non
611 2548 706 2610 solum
731 2547 872 2611 familiare
895 2549 1120 2613 contubernium
1144 2551 1243 2615 hone·

157 2662 239 2724 statis
263 2668 292 2722 et
314 2662 461 2741 utilitatis,
494 2662 547 2724 sed
572 2661 674 2724 eadem
699 2681 818 2744 quoque
840 2664 964 2742 utilitaS,
996 2683 1072 2745 quae
1095 2665 1245 2738 honestas

156 2775 227 2838 ldeo
251 2783 281 2837 et
303 2775 369 2854 ille,
402 2778 451 2856 qui
474 2796 599 2860 regnum
622 2777 771 2840 caelorum
805 2778 924 2840 volebat
955 2779 1090 2840 omnibus
1120 2782 1246 2860 aperire,

155 2907 217 2952 non
240 2889 319 2970 quod
343 2891 397 2952 sibi
421 2891 500 2970 utile,
524 2892 695 2972 quaerebat,
718 2893 772 2955 sed
792 2892 870 2973 quod
888 2893 1031 2955 omnibus.
1069 2893 1154 2954 Unde
1170 2892 1245 2957 ordo

157 3004 273 3086 quidam
297 3005 383 3066 nobis
407 3011 435 3066 et
456 3005 568 3088 gradus
592 3005 744 3069 faciendus
768 3013 813 3069 est
836 3007 921 3068 etiam
944 3007 979 3068 ab
1003 3005 1048 3068 his
1073 3007 1185 3070 usitatis
1218 3015 1247 3070 et

157 3117 359 3179 communibus
383 3116 420 3178 ad
443 3135 494 3196 ca,
527 3124 702 3198 quaesunt
731 3119 956 3199 praecellentia,
987 3127 1019 3183 ut
1047 3139 1085 3182 ex
1114 3122 1246 3202 pluribus

156 3231 286 3293 utilitatis
310 3231 483 3314 colligamus
508 3231 683 3313 proiectum.
1135 3307 1142 3316 ,

244 3340 294 3408 29.
339 3344 384 3406 Ao
406 3346 530 3425 primum
552 3345 721 3407 noverimus
745 3345 816 3407 nihil
838 3349 895 3406 tam
919 3343 1006 3425 utile,
1037 3364 1123 3426 quam
1146 3347 1227 3430 diligi
1235 3368 1245 3425 3

156 3458 227 3521 nihil
249 3465 306 3520 tam
329 3460 447 3539 inutile,
481 3477 565 3540 quam
589 3479 649 3523 non
673 3461 761 3522 amari
769 3482 778 3538 3
812 3479 878 3522 nam
903 3459 972 3524 odio
995 3461 1098 3523 haberi
1127 3463 1246 3524 exitiale

157 3591 192 3636 ae
215 3575 299 3636 nimis
323 3575 446 3656 capitale
468 3575 602 3637 arbitror.
643 3576 744 3657 ltaque
766 3575 794 3636 id
819 3593 950 3658 agamus,
973 3581 1005 3637 ut
1028 3575 1106 3637 omni
1128 3575 1244 3638 seduli-

157 3693 216 3749 tate
246 3689 484 3752 commendemus
514 3691 760 3753 existimationem
791 3691 1018 3773 opinionemque
1050 3696 1180 3752 nostram
1210 3709 1245 3752 ae

156 3803 281 3886 primurn
310 3804 476 3885 placiditate
506 3807 612 3868 mentis
643 3813 673 3868 et
703 3807 790 3869 animi
820 3805 1003 3888 benignitate
1032 3803 1185 3867 influamus
1215 3805 1245 3868 in

157 3917 292 3982 affectum
315 3918 472 3983 hominum.
516 3919 668 4002 Popularis
691 3921 767 3983 enim
791 3926 820 3984 et
841 3926 924 4004 grata
948 3926 993 3982 est
1017 3920 1153 3982 omnibus
1184 3921 1244 3984 bo-

228 4161 255 4226 r)
275 4161 299 4215 1.
312 4159 373 4216 ram.
392 4162 418 4230 l,
437 4162 461 4215 s.
532 4164 561 4229 2)
581 4163 665 4216 narra.
687 4161 728 4230 ro,
750 4161 790 4216 12.
