2976 4706
388 361 434 418 btt
456 359 593 418 cantens
611 357 833 418 mistntttltttt
850 357 948 416 mun
964 359 995 414 lt.
1176 361 1238 426 155

140 526 219 590 ιιίιιι
238 523 287 588 bic
306 524 395 588 homo
415 537 514 602 neque
530 519 561 584 in
579 521 753 604 principem,
775 537 874 602 neque
892 522 923 584 in
942 519 1047 584 ducem
1068 521 1124 585 arlt
1141 521 1239 586 nobb.

139 633 242 716 daque
274 633 412 696 desertus
442 630 593 714 apopulo
624 650 660 694 ao
689 630 845 696 destitutus
877 633 929 695 uix
959 632 1082 697 duarum
1112 633 1239 698 tribuum

140 752 263 828 propter
286 743 380 808 Dauid
403 743 538 808 meritum
560 744 674 808 babere
696 744 793 827 potuit
814 744 996 807 societatem.

542 924 713 992 CAPUT
745 925 839 994 XIX.

139 1070 236 1126 lustitia
250 1079 276 1126 et
286 1071 460 1126 benivolentia
472 1080 499 1124 at
510 1071 659 1126 affabilitate
676 1072 797 1142 plurimos
815 1073 953 1140 conciliari,
972 1072 1019 1126 scd
1033 1072 1098 1126 banc
1114 1075 1239 1128 sinceram

597 1175 654 1213 asae
673 1160 778 1214 debere.

227 1281 279 1349 95.
324 1284 422 1349 claret
444 1303 520 1370 ergo
551 1286 689 1368 quoniam
713 1291 742 1347 et
764 1286 898 1368 aequitas
930 1287 1052 1369 imperia
1084 1287 1239 1352 confirmet

139 1407 170 1464 et
191 1400 332 1464 iniustitia
354 1399 505 1464 dissolvat
549 1398 623 1462 Nam
657 1397 808 1480 quomodo
838 1407 938 1481 potest
971 1401 1079 1462 malitia
1112 1419 1238 1484 reguum

138 1511 307 1595 possidere,
330 1530 406 1595 quae
421 1532 461 1577 na
476 1531 564 1577 unam
587 1512 707 1594 quidem
730 1513 874 1593 privatam
896 1518 995 1594 potest
1016 1531 1127 1596 regere
1149 1514 1239 1577 iami—
1301 1523 1302 1528 ’

138 1625 231 1688 bam?
276 1625 394 1689 Summa
416 1627 507 1711 igitur
528 1626 710 1711 benignitate
733 1643 809 1708 opus
832 1632 893 1706 est,
922 1633 952 1688 ut
976 1643 1036 1690 non
1060 1627 1157 1690 solum
1178 1645 1239 1708 pu-

139 1737 215 1802 bliea
237 1739 457 1820 gubernacula,
481 1739 535 1804 aad
558 1740 646 1802 etiam
668 1740 782 1820 priuata
804 1739 869 1802 ium
892 1745 1035 1803 tueamur.
1081 1739 1238 1802 Plurimum

138 1852 220 1915 iuvat
242 1851 460 1932 beniuolentia,
483 1870 561 1934 quae
583 1869 688 1917 omnes
710 1851 809 1916 studet
831 1851 983 1915 beneficiis
1006 1851 1158 1933 amplecti,
1181 1852 1238 1914 de-

105 1963 119 1978 ‘
138 1963 253 2026 vincire
276 1963 400 2044 officiis,
423 1966 625 2048 oppignerare
647 1966 753 2048 gratia.

226 2071 277 2138 96.
320 2073 531 2139 Affabilitatem
553 2092 674 2158 quoque
696 2077 843 2140 sermonis
866 2075 992 2138 diximus
1014 2076 1050 2139 ad
1070 2075 1237 2138 concilian-

138 2185 205 2248 dam
234 2188 358 2270 gratiam
387 2188 490 2252 valere
520 2188 685 2270 plurimum.
732 2189 791 2254 Sed
815 2188 891 2251 hanc
918 2187 1054 2250 volumus
1078 2204 1147 2250 esse
1170 2187 1237 2249 sin-

138 2316 238 2362 ceram
259 2318 296 2363 ac
318 2301 465 2381 sobriam,
495 2301 562 2364 sine
592 2300 650 2364 ulla
679 2299 865 2380 adulatione,
895 2318 934 2362 na
965 2300 1179 2382 simplicitatem
1203 2316 1237 2362 uc

137 2413 293 2491 puritatem
313 2413 432 2496 alloquii
456 2413 603 2478 dedeceat
624 2414 772 2478 sermonis
792 2412 938 2490 adulatio;
962 2413 1057 2476 forma
1073 2413 1237 2476 animasse

139 2525 283 2590 debemus
312 2529 422 2592 ceteris
447 2548 507 2592 non
531 2530 627 2594 solum
649 2529 679 2590 in
703 2545 813 2609 opere,
848 2527 902 2590 sad
926 2527 1012 2588 etiam
1037 2527 1065 2588 in
1089 2542 1238 2604 sermone,

136 2638 168 2701 in
191 2639 327 2702 castitate
349 2659 385 2703 ac
408 2643 475 2706 lide.
521 2643 632 2718 Quales
655 2641 759 2706 haberi
781 2641 935 2719 volumus,
965 2640 1039 2704 tales
1070 2639 1178 2717 simus,
1209 2642 1239 2699 et

137 2749 254 2830 qualem
277 2751 415 2814 affectum
444 2755 605 2833 babemus,
636 2753 726 2816 talem
753 2753 930 2834 aperiamus.
974 2752 1079 2832 Neque
1105 2751 1237 2813 dicamus

138 2864 169 2926 in
204 2861 297 2925 corde
330 2869 435 2928 nostro
470 2864 593 2927 verbum
626 2864 774 2944 iniquum,
811 2862 892 2944 quod
925 2863 1066 2926 abscondi
1099 2868 1237 2944 putemus

137 2974 273 3055 silentio,
296 2977 364 3056 quia
385 2975 467 3039 audit
488 2977 519 3038 in
542 2977 660 3040 occulto
683 2975 759 3038 diota
783 2977 833 3058 qui
856 2977 971 3040 occulta
1002 2971 1088 3050 lecit;
1123 2981 1153 3036 et
1179 2990 1237 3036 co-

136 3089 257 3171 gnoscit
278 3094 395 3151 secreta
418 3090 566 3153 viscerum
589 3090 639 3171 qui
662 3107 782 3154 sensum
807 3089 973 3156 visceribus
996 3087 1109 3150 inludit.
1153 3085 1236 3169 Ergo

136 3207 283 3282 tamquam
300 3202 354 3265 sub
375 3201 468 3265 oculis
491 3202 643 3266 constituti
666 3202 771 3266 iudicis
795 3199 938 3282 quidquid
960 3201 1110 3282 egerimus
1126 3198 1156 3260 in
1170 3198 1237 3259 luce

135 3316 263 3397 positum
285 3321 441 3396 putemus,
462 3323 495 3379 ut
517 3316 654 3379 omnibus
677 3315 890 3378 manifestetur.

548 3493 719 3560 CAPUT
752 3495 829 3560 XX.

137 3638 258 3692 Omnibus
276 3638 379 3690 multum
400 3640 524 3706 prodesse
548 3641 672 3693 bonorum
697 3639 909 3704 familiaritatem,
935 3639 1041 3688 mammo
1061 3650 1124 3688 vero
1143 3635 1235 3704 adule-

136 3725 282 3790 scentibus,
311 3724 359 3776 hoc
385 3723 442 3777 lesu
460 3725 533 3778 Naue
552 3743 582 3778 ac
600 3727 682 3793 Mopsi
706 3727 811 3794 aliisque
837 3723 958 3792 exenrplis
983 3721 1117 3790 probatur,
1146 3718 1236 3789 quibua

135 3811 259 3863 subicitur
277 3814 318 3880 qui
337 3820 420 3865 aetate
439 3815 489 3864 sint
507 3814 623 3881 dispares
641 3816 734 3864 virtute
761 3812 887 3864 interdum
907 3826 982 3878 pares
1001 3825 1074 3874 esse,
1103 3815 1130 3858 ut
1147 3807 1236 3858 Petras

498 3908 573 3969 atque
592 3898 701 3954 Ioannes
719 3899 882 3968 patefaciant.

226 4027 278 4094 97.
323 4033 481 4098 Plurimum
496 4037 597 4117 itaqua
611 4035 736 4117 prodest
748 4034 906 4115 unicuique
923 4031 1009 4095 bonis
1022 4029 1112 4112 iungi.
1147 4027 1234 4091 Adu-

136 4142 318 4208 lescentibus
341 4163 462 4228 quoque
481 4149 563 4229 utile,
586 4154 619 4212 ut
636 4149 733 4212 claros
752 4155 782 4210 et
797 4148 948 4228 sapientes
964 4144 1046 4218 uiros
1062 4147 1234 4236 sequantur,
