2932 4700
188 331 231 406 30
637 323 838 382 summan

279 487 326 554 19.
370 489 412 553 lta
440 488 488 570 lit,
522 493 554 554 ut
587 490 674 553 etiam
706 479 897 554 humilitatem
928 488 1083 554 custodiat
1129 487 1161 553 Sl
1192 494 1289 552 autem

189 600 263 664 nolit
289 600 428 663 humilior
455 599 568 680 videri,
598 600 667 663 talia
695 607 801 664 tractat
832 607 861 663 et
892 600 961 666 dicit
991 605 1056 685 ipse
1087 617 1204 666 secum:
1234 602 1289 665 llic

190 733 282 798 ergo,
313 720 346 776 ut
374 731 421 776 me
450 720 621 779 contemnat
650 721 680 777 et
708 716 739 777 in
769 722 933 797 conspeetu
962 733 1029 780 meo
1057 716 1197 795 loquatur
1219 715 1290 779 talia

190 830 348 894 adversum
370 848 435 908 me,
466 830 550 910 quasi
579 847 639 894 non
664 830 777 911 possim
806 847 865 912 ego
896 829 925 892 ei
952 830 1071 911 aperire
1103 847 1138 892 os
1166 828 1288 892 meum?

191 942 252 1006 Gur
273 961 334 1007 noo
358 942 445 1005 etiam
469 961 528 1025 ego
552 941 656 1022 dicam,
680 944 710 1007 in
733 943 839 1024 quibus
857 961 924 1005 eum
939 941 1134 1006 maestilieare
1150 941 1288 1024 possim?

190 1058 245 1121 llic
267 1073 361 1139 ergo,
392 1062 424 1118 ut
446 1055 515 1118 milri
539 1057 660 1119 iniurias
684 1055 787 1136 faciat,
819 1056 902 1138 quasi
933 1057 980 1119 vir
1008 1075 1070 1120 non
1098 1057 1171 1136 sim,
1204 1054 1289 1137 quasi

191 1170 343 1233 vindicare
366 1187 413 1231 me
435 1186 496 1233 non
518 1171 658 1252 possim?
703 1171 767 1251 llic,
790 1178 822 1234 ut
843 1190 892 1233 me
914 1172 1097 1250 criminetur,
1120 1170 1206 1251 quasi
1229 1187 1288 1253 ego

191 1300 253 1346 non
276 1283 387 1367 possim
410 1283 551 1365 graviora
573 1283 604 1345 in
627 1301 694 1346 eum
717 1283 918 1366 conponere?

281 1395 331 1461 20.
378 1395 434 1470 Qui
456 1398 524 1462 talia
547 1397 617 1463 dicit
639 1417 698 1463 non
722 1405 767 1462 est
790 1399 866 1461 mitis
888 1405 978 1480 atque
1002 1399 1135 1480 humilis,
1159 1414 1219 1461 non
1244 1403 1290 1461 est

193 1511 258 1574 sine
280 1512 481 1592 temptatione.
527 1513 698 1594 Temptator
720 1530 789 1576 eum
812 1513 960 1596 exagitat,
982 1514 1047 1595 ipse
1071 1513 1098 1576 ei
1121 1510 1195 1575 tales
1219 1512 1289 1594 opi-

192 1626 300 1688 niones
334 1625 445 1687 inserit.
500 1627 677 1708 Plerumque
709 1626 828 1690 adhibet
859 1627 1008 1690 hominem
1043 1633 1133 1709 atque
1168 1625 1290 1708 adponit

193 1754 321 1818 nequam
343 1737 480 1818 spiritus,
512 1739 562 1819 qui
584 1738 659 1801 haec
687 1738 727 1802 illi
754 1738 848 1816 dieat3
878 1738 933 1802 sed
964 1745 995 1803 tu
1024 1742 1055 1803 in
1085 1746 1169 1822 petra
1198 1739 1289 1801 mum

193 1850 351 1932 vestigium
373 1857 451 1912 tene.
489 1851 551 1914 Etsi
574 1869 680 1914 servus
704 1853 864 1916 convitium
887 1852 972 1933 dicet,
996 1854 1091 1920 iustus
1114 1859 1192 1916 tacet
1199 1873 1209 1930 3
1233 1851 1289 1915 etsi

193 1965 325 2028 infirmus
340 1965 547 2029 contumeliam
563 1964 660 2046 faciat,
678 1966 772 2030 iustus
788 1973 881 2045 tacet;
905 1969 962 2031 etsi
978 1986 1091 2051 pauper
1106 1967 1287 2046 criminetur,

194 2080 288 2143 iustos
310 2098 371 2144 non
393 2078 564 2161 respondet
601 2079 682 2140 Haec
697 2085 765 2141 sunt
782 2096 862 2141 arma
879 2081 958 2158 iusti,
982 2086 1012 2143 ut
1028 2077 1165 2142 cedendo
1181 2079 1288 2157 vincat,

194 2193 270 2256 sicut
292 2193 379 2276 periti
400 2191 546 2256 iaculandi
568 2190 711 2286 cedentes
732 2192 831 2255 solent
850 2194 982 2274 vincere,
1006 2199 1035 2257 et
1050 2192 1198 2277 fugientes
1213 2210 1289 2277 pra·

196 2308 329 2378 rioribus
351 2312 526 2393 sequentem
550 2307 709 2378 vulnerare
732 2307 844 2374 ictibus.

613 2579 783 2648 CAPUT
816 2579 875 2648 Vl.

196 2749 249 2804 Hac
273 2752 299 2802 in
323 2766 352 2802 re
377 2749 504 2803 silentium
528 2754 604 2818 atqua
629 2745 794 2797 humilitatem
812 2743 893 2798 David
918 2744 1036 2797 imitanda
1061 2761 1136 2813 esse,
1165 2761 1198 2798 na
1223 2746 1292 2816 digni

622 2833 756 2888 videamur
773 2834 868 2885 iniuria.

285 2999 336 3067 21.
377 2998 455 3075 Quid
478 2998 556 3062 enim
580 3012 655 3079 opus
678 3001 723 3059 est
745 2995 869 3075 moveri,
894 3013 960 3058 cum
981 2993 1116 3058 audimus
1140 2993 1294 3058 convitia?

199 3118 258 3182 Gur
279 3134 340 3180 non
362 3115 509 3180 imitamur
530 3111 693 3175 dicentem:
720 3107 747 3193 ¹)
782 3108 926 3171 Obmutoi
957 3115 987 3170 et
1016 3108 1197 3172 inmittatur
1227 3126 1295 3171 aum

201 3241 230 3295 et
251 3231 327 3296 silui
349 3250 369 3294 a
392 3228 507 3292 boam?
551 3225 598 3289 An
622 3227 681 3290 boc
704 3223 777 3287 dixit
800 3223 1011 3303 tantummodo,
1033 3240 1095 3286 non
1118 3223 1204 3318 etiarn
1224 3222 1296 3286 feeit

200 3346 322 3411 David?
338 3341 370 3429 ²)
415 3341 505 3405 Immo
529 3347 558 3404 et
581 3339 659 3403 lecit
705 3339 778 3401 Nam
808 3357 874 3401 eum
904 3338 933 3400 ei
962 3338 1174 3400 convitiaretur
1196 3336 1295 3402 Semei

201 3463 292 3543 filius,
316 3459 432 3524 tacebat
454 3454 566 3520 David:
599 3460 627 3516 et
651 3455 783 3535 quamvis
806 3458 927 3534 saeptus
951 3452 1088 3531 armatis,
1111 3469 1171 3515 non
1194 3458 1296 3515 retor-

203 3577 311 3659 quebat
333 3573 503 3650 convitium,
526 3588 587 3634 non
609 3568 750 3631 ultionem
773 3566 944 3648 quaerebat,
968 3583 1006 3629 eo
1026 3583 1122 3647 usque
1141 3573 1174 3629 ut
1188 3565 1297 3630 dicenti

203 3692 260 3754 sihi
275 3690 396 3755 Sarviae
419 3687 490 3766 lilio,
513 3683 592 3766 quod
616 3681 768 3746 vindicare
791 3683 820 3744 in
837 3699 903 3743 eum
919 3681 1019 3760 vellet,
1041 3697 1103 3743 non
1118 3682 1295 3762 permiserit.

204 3805 267 3868 Ibat
289 3822 364 3888 ergo
386 3809 533 3882 tamquam
556 3805 653 3862 mutus
676 3804 706 3860 et
728 3796 903 3876 humiliatus,
925 3797 987 3860 ibat
1008 3802 1125 3874 tacens,
1148 3812 1206 3857 nec
1228 3813 1297 3858 mo-

205 3921 345 3998 vebatur,
378 3935 446 3981 cum
476 3917 522 3981 vir
550 3914 747 4002 appellaretur
779 3913 949 3996 sanguinis,
983 3913 1033 3993 qui
1064 3915 1127 3979 erat
1159 3910 1297 3982 conscius

212 4071 413 4084 ——uu—-n

278 4159 305 4234 ι)
323 4158 364 4216 m.
381 4157 425 4229 ae,
444 4159 469 4212 a.
539 4161 568 4228 ι)
586 4162 611 4216 2.
626 4160 690 4236 aeg.
710 4159 752 4230 ra,
772 4159 789 4218 a
806 4174 879 4238 seqq.
