2966 4708
397 375 442 430 bn
461 373 598 430 osricus
617 371 840 428 11111181110111111
858 371 954 426 LIBER
971 371 1013 426 nt
1187 373 1247 438 221

161 537 296 602 adversis
325 536 409 600 amici
441 535 578 618 patientia
612 541 641 598 ει
673 536 828 598 tolerantia
858 534 1028 598 necessaria
1058 539 1120 613 est,
1153 533 1197 595 sic
1224 533 1254 596 in

161 649 313 732 prosperis
344 651 502 714 auctoritas
534 669 667 733 congrua
702 655 766 730 est,
802 655 835 712 nt
868 647 1053 712 insolentiam
1085 647 1254 712 extollentis

160 781 194 828 se
217 765 300 827 amici
323 764 463 846 reprimat
486 767 515 823 ει
536 761 704 844 redarguat.
804 812 807 820 ,

249 874 319 940 131.
365 876 458 950 Quam
491 861 613 957 pulchre
647 875 678 936 in
712 873 848 937 adversis
884 873 998 955 positus
1032 872 1089 942 lob.
1119 871 1206 934 dicit:
1227 867 1254 954 Ι)

160 990 351 1052 Miseremini
373 991 447 1066 mei,
476 989 584 1065 amin,
617 988 813 1050 miseremini.
857 987 924 1051 Nou
949 988 1034 1069 quasi
1057 986 1171 1050 abiecta
1193 1003 1255 1048 vox

160 1105 216 1168 ista
239 1112 301 1185 est,
324 1103 378 1168 sed
401 1103 484 1185 quasi
508 1103 655 1166 censoria.
700 1102 774 1166 Nam
797 1119 864 1164 curn
886 1103 994 1164 iniusto
1017 1106 1196 1184 argueretur
1218 1100 1253 1161 ab

161 1219 281 1299 amicis,
310 1218 480 1302 respondit:
516 1217 707 1280 Miseremini
729 1219 806 1294 mei,
841 1216 954 1292 amiei3
986 1216 1044 1280 boo
1067 1223 1114 1280 εει
1135 1215 1254 1278 miseri·

162 1330 293 1394 cordiam
324 1329 438 1392 debetis
469 1329 585 1391 lacere:
621 1330 785 1411 opprimitis
814 1337 912 1393 autem
941 1347 997 1394 vos
1028 1337 1057 1394 el
1087 1328 1255 1413 inpugnatis

162 1444 329 1523 hominem,
365 1445 448 1507 ouius
473 1445 621 1507 aerumnis
644 1445 762 1526 conpati
784 1463 840 1527 pro
865 1445 989 1508 amicitia
1012 1461 1067 1508 vos
1090 1443 1254 1527 oportebat.

250 1555 320 1622 132.
365 1557 489 1622 Servate
513 1558 612 1641 igitur,
637 1558 696 1638 lilii,
720 1559 820 1620 initam
842 1577 909 1622 cum
933 1558 1071 1622 iratribus
1092 1559 1254 1637 amicitiam,

163 1691 220 1754 qua
244 1673 316 1734 nihil
346 1680 393 1736 est
422 1673 452 1736 in
478 1673 570 1736 rebus
601 1673 734 1736 humanis
765 1674 926 1756 pulchrius.
971 1675 1119 1741 solacium
1147 1676 1255 1756 quippe

162 1786 240 1848 vitae
262 1785 348 1848 huius
372 1791 434 1862 est,
458 1785 636 1865 athabeos,
661 1787 709 1848 cui
725 1793 829 1868 pectus
848 1787 964 1869 aperias
985 1794 1083 1870 tuum,
1108 1805 1174 1855 oum
1195 1805 1254 1870 quo

160 1916 268 1962 arcana
298 1901 473 1981 participes,
508 1902 554 1963 cui
588 1903 751 1965 committas
787 1910 936 1966 secretum
964 1907 1101 1986 pectoris
1132 1906 1190 1983 lui,
1223 1911 1256 1966 ut

161 2014 302 2077 conlooes
334 2015 384 2077 tibi
414 2013 530 2076 fidelem
554 2017 665 2095 virum,
697 2018 799 2098 quiin
823 2019 975 2099 prosperis
1007 2018 1171 2101 gratuletur
1192 2018 1254 2096 tibi,

160 2127 198 2189 in·
211 2126 343 2191 tristibus
367 2127 569 2208 conpellatur,
598 2129 628 2188 in
651 2129 911 2208 persecutionibus
934 2128 1115 2192 adhortetur.
1161 2127 1255 2202 Quam

163 2241 233 2303 boni
256 2243 341 2304 amici
362 2241 489 2304 Hebraei
512 2241 616 2322 pueri,
640 2259 715 2322 quos
738 2261 755 2304 a
778 2245 824 2305 sni
847 2261 948 2304 amore
971 2260 1028 2304 nec
1050 2241 1180 2304 fornacis
1203 2260 1255 2302 ar-

164 2352 260 2416 dentis
294 2353 409 2416 flamme
443 2353 565 2418 divisit?
590 2351 622 2438 Ι1)
674 2357 720 2418 lle
755 2375 814 2437 quo
847 2356 917 2420 loco
947 2355 1084 2438 superins
1118 2353 1254 2418 diximus.

162 2468 245 2531 Bene
267 2469 446 2534 aitsanctus
469 2469 580 2532 David:
597 2465 629 2552 ³)
659 2469 739 2532 Seni
760 2479 790 2532 et
811 2469 966 2534 lonaihon
988 2470 1125 2548 speciosi
1148 2477 1178 2531 et
1201 2487 1255 2532 ca·

162 2581 300 2659 nissimi,
336 2583 568 2662 inseparabiles
600 2586 634 2646 in
666 2585 733 2647 oita
760 2603 820 2648 sara
849 2592 879 2647 et
905 2585 939 2646 in
967 2592 1064 2647 morte
1092 2601 1155 2646 non
1184 2590 1258 2647 sont

160 2697 309 2777 separati.
786 2760 790 2774 ,

251 2808 321 2874 133.
367 2811 421 2875 llic
451 2819 497 2876 est
531 2813 675 2876 amicitiae
709 2812 841 2892 fructus,
875 2829 937 2876 non
968 2818 1000 2875 ut
1029 2810 1102 2874 fides
1134 2820 1256 2894 propter

162 2923 317 2986 amicitiam
350 2923 536 3002 destruatur3
576 2943 636 2990 nou
667 2933 765 3007 potest
796 2927 873 2988 eninr
901 2925 1012 2988 homini
1043 2926 1153 2990 amicus
1186 2944 1256 2991 esse

163 3037 212 3117 qui
236 3036 294 3099 deo
317 3035 407 3100 luerit
428 3039 542 3102 inlidus.
589 3041 706 3103 Pietatis
737 3047 839 3104 custos
870 3040 995 3103 amicitia
1019 3045 1065 3102 est
1088 3047 1118 3102 ει
1140 3059 1256 3123 aequa·

163 3147 250 3211 litatis
283 3152 440 3234 magistra,
474 3159 507 3214 ut
534 3154 673 3232 superior
700 3153 836 3216 inleriori
866 3169 900 3215 se
924 3152 1063 3215 exhibeat
1093 3154 1255 3235 aequalem,

161 3261 286 3327 inlerior
319 3265 476 3345 superiori.
533 3266 613 3328 luter
648 3266 782 3346 dispares
818 3267 896 3328 enim
929 3282 1030 3328 mores
1064 3284 1123 3328 non
1157 3273 1257 3348 potest

163 3397 231 3442 esse
254 3379 394 3456 amicitia3
429 3386 459 3442 et
481 3380 549 3442 ideo
572 3379 735 3442 convenire
764 3379 819 3444 sibi
849 3379 1004 3458 utriusque
1036 3376 1124 3440 debet
1152 3379 1254 3461 gratia.

162 3491 226 3556 Nec
248 3494 409 3558 auotoritas
432 3490 509 3554 desit
530 3491 682 3569 inleriori,
706 3492 731 3552 si
753 3508 808 3588 res¹
825 3491 1014 3572 poposcerit,
1038 3507 1094 3554 nec
1109 3489 1255 3552 humilitas
1325 3513 1326 3516 ¹

163 3607 320 3687 superiori.
365 3604 475 3668 Audiat
497 3605 582 3686 quasi
605 3622 724 3685 parem,
747 3604 831 3685 quasi
854 3601 1008 3684 aequalem
1015 3624 1024 3680 3
1048 3609 1077 3665 et
1100 3603 1149 3666 ille
1172 3605 1256 3685 quasi

163 3719 273 3782 amicus
296 3725 429 3799 moneat,
459 3719 614 3802 obiurget,
644 3736 705 3781 non
735 3718 890 3781 iactantiae
919 3715 1033 3797 studio,
1063 3718 1117 3782 sed
1149 3719 1256 3783 ellectu

164 3834 300 3895 caritatis.

252 3945 322 4010 134.
366 3947 471 4028 Neque
499 3948 619 4011 monitio
651 3965 756 4029 aspera
778 3949 830 4027 sit,
860 3965 959 4029 neque
987 3947 1153 4033 obiurgatio
1176 3965 1254 4012 oon·

167 4097 369 4108 *—

237 4187 265 4254 1)
283 4185 335 4240 lob.
356 4186 399 4254 tu,
417 4189 459 4242 21.
530 4190 559 4258 2)
578 4189 642 4245 Dan.
662 4188 688 4258 3,
709 4189 741 4242 16
758 4206 812 4262 req.
882 4189 913 4260 3)
930 4190 955 4245 2.
973 4189 1038 4261 hog.
1058 4190 1083 4257 1,
1101 4190 1143 4246 2³.
