2976 4706
202 351 266 418 124
646 349 670 403 s.
690 347 846 404 nuenosn

289 505 320 572 3.
365 509 536 574 tlonestetis
567 511 657 595 igitur
688 516 734 573 cst
762 511 810 573 vet
839 509 1072 575 misericordiam
1104 511 1223 591 iacere,
1252 513 1300 575 vel

200 623 341 688 ieiunium
363 621 485 686 deterre
507 624 537 686 in
560 622 754 703 abscondito,
787 629 820 685 ut
842 622 1011 686 mercedem
1038 625 1169 688 videaris
1192 645 1209 690 a
1232 625 1299 690 solo

201 735 259 800 deo
288 743 339 800 tuo
371 753 536 818 quaerere,
571 754 630 800 nou
662 736 750 798 etiam
780 736 816 799 ab
846 736 1026 800 hominihus.
1072 739 1146 801 Nam
1181 741 1233 819 qui
1263 741 1300 803 ah

200 849 368 914 hominihus
391 849 525 929 quaerit,
556 848 643 911 habet
665 849 834 912 mercedem
858 867 958 926 suam;
989 851 1039 930 qui
1070 858 1208 914 autema
1232 851 1301 931 dee,

200 964 289 1026 hahet
313 963 401 1026 vtum
423 968 592 1040 aeternam,
621 981 708 1042 quam
734 967 888 1043 praestare
912 979 972 1023 non
995 969 1094 1043 potest
1117 964 1173 1026 nisi
1196 971 1302 1027 auctor

202 1078 399 1158 aeternitatis,
423 1077 500 1139 sicut
523 1077 594 1140 illud
618 1084 680 1140 est:
702 1075 729 1162 Ι)
754 1077 851 1139 Arnen
874 1077 946 1140 dico
971 1077 1046 1153 tibi,
1070 1077 1161 1139 hodic
1184 1097 1301 1142 mecum

202 1193 266 1254 eris
288 1193 322 1253 in
341 1190 507 1272 paradiso.
554 1190 637 1262 Unde
662 1192 837 1274 expressius
861 1192 1013 1272 Scriptura
1037 1193 1126 1254 vitam
1149 1199 1301 1255 aeternam

203 1305 361 1390 appellavit
384 1319 463 1382 eam,
494 1323 571 1385 quae
595 1306 632 1368 sit
654 1307 757 1384 heato,
792 1313 905 1368 utnon
929 1305 1078 1370 hominum
1113 1305 1302 1388 opinionibus

203 1414 416 1481 aestimandum
446 1415 683 1496 relinqueretur,
715 1416 769 1478 scd
795 1413 896 1480 divino
920 1415 1030 1479 iudicio
1061 1418 1301 1480 committeretur.

629 1637 799 1703 CAPUT
836 1637 878 1702 ll.

203 1805 294 1857 Variae
312 1803 520 1873 philosophorum
540 1803 572 1856 de
591 1801 747 1854 heatitudine
766 1802 915 1870 opinionem
935 1817 990 1854 eam
1009 1803 1034 1854 in
1053 1801 1096 1856 dei
1114 1802 1261 1870 cognitione
1272 1815 1304 1852 ac

203 1892 327 1946 honorum
345 1907 452 1960 operum
472 1891 555 1943 studio
579 1892 735 1957 consistere,
759 1891 864 1957 primum
883 1889 1004 1957 probetur
1023 1905 1054 1940 ex
1072 1887 1222 1958 evaugeli03
1250 1897 1303 1940 tunr

203 1994 236 2030 ne
255 1995 269 2031 a
287 1979 443 2048 philosophis
467 1978 585 2030 uidentur
612 1977 662 2028 hoc
686 1985 829 2044 sumptum,
857 1977 1039 2045 prophetarum
1063 1976 1212 2028 testimoniis
1237 1991 1302 2026 cou-

693 2065 812 2117 lirmatur.

145 2133 179 2200 Γ

291 2205 320 2271 4.
365 2209 467 2288 ltaque
490 2207 659 2291 philosophi
689 2208 778 2271 vitam
799 2208 934 2286 beatem,
965 2207 1014 2269 elii
1037 2207 1066 2268 in
1090 2225 1151 2271 non
1175 2204 1304 2272 dolendo

202 2329 384 2404 posuerunt,
408 2329 440 2384 ut
462 2322 677 2404 Hieronymus,
701 2321 750 2416 alii
772 2322 802 2384 in
824 2340 924 2383 rerum
948 2321 1089 2400 scicntia,
1113 2327 1145 2384 ut
1167 2321 1305 2399 Herillus,

203 2437 254 2515 qui
276 2434 400 2498 audiens
423 2435 460 2496 ab
483 2434 645 2496 Aristotele
668 2441 698 2495 et
721 2433 928 2514 'theophrasto
960 2433 1132 2496 mirabiliter
1157 2433 1305 2496 laudatam

203 2565 274 2610 esse
289 2564 390 2610 rerum
404 2546 568 2622 scientiam,
590 2545 684 2606 solam
701 2563 767 2607 eam
789 2546 873 2624 quasi
896 2563 1039 2608 summum
1063 2548 1172 2609 honum
1196 2547 1304 2628 posuit,

204 2681 270 2725 eum
294 2661 333 2724 illi
357 2678 422 2723 eam
446 2660 529 2741 quasi
553 2661 680 2737 tronum,
714 2677 774 2721 non
799 2661 883 2739 quasi
906 2660 1002 2723 solum
1026 2661 1135 2724 honum
1158 2659 1305 2722 laudave-

202 2776 268 2838 rint.
316 2775 374 2838 Alii
398 2775 579 2855 voluptatem
605 2773 760 2852 dixerunt,
783 2779 814 2836 ut
837 2775 1001 2856 Epicurus3
1029 2777 1093 2854 elii,
1116 2782 1149 2837 ut
1171 2773 1304 2855 Callipho

205 2896 326 2970 etpost
350 2908 417 2953 eum
439 2887 605 2967 Diodorus,
638 2889 676 2950 ite
699 2889 884 2970 interpretati
901 2896 1003 2969 sunt,
1033 2895 1065 2953 ut
1087 2889 1162 2952 alter
1185 2889 1220 2951 ed
1245 2908 1305 2953 vu-

204 3003 359 3083 luptatem,
394 3003 469 3064 alter
500 3004 536 3066 ad
567 3004 746 3066 vacuitatem
781 3003 894 3067 doloris
927 3005 1110 3068 consortium
1141 3003 1305 3066 honestatis

205 3114 418 3199 adiungerent,
442 3116 522 3198 quod
543 3118 608 3180 sinc
628 3135 663 3180 ea
685 3136 745 3180 non
768 3119 864 3199 possit
888 3135 957 3182 esse
979 3118 1066 3180 heata
1089 3117 1156 3180 vita.
1201 3116 1305 3181 Zenon

205 3227 323 3293 Stoicus
346 3231 443 3296 solum
467 3237 497 3294 et
520 3250 663 3295 summum
695 3232 823 3310 bouum,
855 3231 934 3310 quod
958 3231 1115 3295 honestum
1139 3236 1202 3306 est;
1231 3229 1306 3292 Ari-

205 3344 328 3408 stoteles
352 3353 449 3408 eutem
472 3347 520 3408 vel
536 3346 760 3427 Theophrastus
785 3351 814 3406 ct
837 3347 932 3407 ceteri
948 3344 1134 3427 Peripatetici
1149 3345 1178 3406 in
1195 3343 1305 3405 virtute

206 3457 334 3538 quidem,
351 3458 481 3541 horest,
504 3460 662 3522 honestate
678 3460 766 3522 vitam
782 3460 897 3521 beatam
914 3476 993 3539 csse,
1017 3459 1071 3522 sed
1092 3456 1225 3540 conpleri
1241 3457 1306 3519 eius

204 3567 420 3632 beatitudinem
444 3571 529 3632 etiam
554 3571 690 3651 corporis
714 3578 804 3651 atquc
827 3572 960 3634 externis
984 3573 1072 3634 honis
1099 3571 1305 3635 adseruerunt.

293 3680 322 3746 5.
368 3683 520 3764 Scriptura
543 3690 640 3747 eutem
672 3683 770 3746 divina
793 3683 882 3746 vitam
906 3691 1057 3747 aeternnm
1079 3687 1109 3748 in
1133 3684 1306 3767 cognitione

206 3795 306 3875 posuit
329 3794 487 3858 divinitatis
509 3803 539 3858 ct
554 3794 652 3861 fructu
675 3798 773 3863 honac
798 3798 989 3878 operationis.
1035 3798 1172 3880 Denique
1194 3797 1306 3860 utrius-

207 3924 266 3987 que
301 3905 480 3970 adsertionis
513 3911 719 3992 evangelicum
751 3911 881 3992 suppetit
914 3912 1122 3974 testimonium.
1169 3912 1243 3974 Nam
1276 3915 1307 3974 et

278 4147 305 4213 t)
324 4147 383 4202 huc.
402 4147 447 4213 23,
466 4147 508 4201 43.
