2976 4706
414 382 459 437 DE
480 381 617 438 omens
635 379 857 438 flllllSl'llollUll
875 379 972 434 ttuutt
989 379 1030 435 nt.
1207 385 1269 450 179

177 547 266 625 dom,
300 547 396 610 statim
430 545 572 608 subiecit:
600 541 628 628 ¹)
665 543 854 625 Quicumque
888 563 960 626 erpo
991 542 1126 624 perfecti
1157 562 1270 608 sunaus.

178 661 297 744 Duplex
319 659 397 722 enim
420 657 516 722 forma
538 657 749 741 perfeetionis:
772 658 828 720 alia
853 657 982 742 medios,
1005 659 1060 722 alia
1083 657 1189 741 plenos
1211 675 1272 721 nu-

179 793 279 839 meros
302 773 433 851 habens3
456 772 511 836 alia
535 772 593 852 hie,
616 773 672 836 alia
696 773 755 849 ibi3
778 772 832 836 alia
848 772 1011 836 secundum
1026 772 1153 835 hominis
1168 773 1273 854 possi-

179 890 338 968 bilitatem,
372 887 428 952 alia
461 885 623 950 seeundum
656 885 872 969 perlectionem
906 886 1004 949 luturl.
1060 886 1142 950 Deus
1176 893 1274 950 autem

180 1005 273 1068 iustus
297 1020 351 1084 per
374 1001 489 1080 omnia,
511 1002 632 1083 sapiens
653 1019 744 1084 super
768 1002 880 1080 omnia,
903 1000 1054 1083 perlaetus
1076 1002 1107 1066 in
1129 1003 1273 1066 omnibus.

272 1113 320 1180 12.
364 1114 443 1177 later
475 1114 557 1195 ipsos
587 1133 708 1197 quoque
742 1115 877 1180 homines
912 1114 1048 1179 distantia
1082 1121 1137 1178 est.
1181 1117 1276 1180 Aliter

182 1227 286 1292 Daniel
309 1227 447 1310 sapiens,
471 1228 509 1292 da
532 1249 591 1312 quo
616 1230 723 1294 dietum
747 1235 809 1294 est:
826 1226 859 1313 ⁴²)
888 1228 967 1305 Quia
989 1229 1124 1292 Daniele
1146 1230 1275 1310 sapien-

184 1343 269 1406 tior?
311 1341 408 1404 Aliter
429 1343 477 1407 olii
499 1347 658 1427 sapientes,
681 1344 765 1409 aliter
785 1343 935 1420 Salomon,
949 1339 981 1427 ³)
1005 1343 1056 1424 qui
1077 1342 1208 1426 repletus
1231 1345 1277 1408 est

183 1457 326 1537 sapientia
349 1473 440 1538 super
463 1473 578 1518 omnem
602 1457 775 1538 sapientiam
798 1455 984 1537 antiquorum
1008 1461 1038 1517 et
1059 1473 1150 1535 super
1172 1471 1276 1518 omnes

183 1568 335 1648 sapientes
358 1565 498 1650 Aegypti.
542 1564 630 1630 Aliud
654 1573 699 1630 est
722 1566 799 1629 onim
821 1568 1018 1630 communiter
1041 1585 1166 1650 sapere,
1200 1567 1277 1631 aliud

183 1697 291 1763 sapere
313 1678 456 1762 perleote.
495 1679 552 1754 Qui
575 1679 770 1741 communiter
792 1679 868 1762 sapit
890 1696 945 1761 pro
965 1679 1175 1760 temporalibus
1192 1679 1278 1762 sopit,

183 1811 239 1875 pro
262 1809 296 1854 se
318 1792 411 1873 sapit,
444 1795 476 1852 ut
498 1790 581 1852 alteri
604 1790 738 1853 detrahat
760 1789 868 1872 aliquid
885 1795 925 1868 ,et
954 1791 1011 1853 sibi
1039 1791 1194 1876 adiunget3
1229 1793 1279 1873 qui

183 1905 319 1987 perlecto
342 1905 419 1986 sapit
439 1903 534 1966 nescit
555 1921 609 1968 sua
629 1909 766 1984 spectare
782 1903 946 1984 commoda,
970 1903 1024 1968 sed
1041 1905 1077 1968 ad
1094 1906 1174 1984 illud,
1198 1905 1279 1987 quod

185 2025 339 2084 aeteruum
363 2023 418 2097 est,
441 2016 522 2100 quod
545 2017 687 2081 decorum
710 2024 799 2099 atque
821 2019 988 2098 honestum,
1010 2025 1074 2082 toto
1099 2019 1206 2084 ellectu
1229 2020 1278 2082 in-

185 2131 288 2212 tendit,
312 2149 459 2214 quaerens
481 2150 542 2196 non
566 2132 647 2212 quod
670 2131 727 2194 sibi
748 2132 820 2196 utile
843 2137 898 2209 est,
921 2131 976 2194 sed
999 2132 1079 2213 quod
1102 2132 1246 2196 omnibus.

277 2243 326 2308 13.
370 2245 472 2326 ltaque
493 2245 568 2308 haee
590 2245 628 2308 sit
649 2243 787 2323 formula,
809 2250 841 2308 ut
862 2247 939 2308 inter
962 2244 1021 2308 duo
1042 2244 1099 2324 illa,
1123 2245 1280 2309 honestum

189 2363 277 2438 atque
306 2358 395 2437 utile,
426 2375 529 2422 errare
556 2375 756 2440 nequeamus:
792 2376 830 2422 eo
861 2359 942 2440 quod
970 2359 1065 2422 iustus
1095 2358 1166 2421 nihil
1196 2361 1281 2424 alteri

190 2470 402 2535 detrahendum
424 2476 523 2554 putet,
555 2487 612 2536 neo
633 2471 753 2536 alterius
777 2471 964 2536 incommodo
987 2489 1073 2536 suum
1095 2472 1280 2536 commodum

189 2587 293 2669 augeri
315 2584 394 2648 velit.
432 2585 515 2648 llana
537 2583 660 2648 formam
683 2587 736 2649 tibi
757 2587 933 2670 praescribit
947 2588 1100 2669 apostolus
1116 2587 1235 2652 dicens:
1248 2585 1282 2672 ⁴)

192 2699 304 2764 Omnia
326 2701 430 2778 liceat,
454 2700 511 2762 sed
532 2718 597 2763 noe
619 2700 725 2763 omnia
749 2701 940 2780 expedieram
963 2704 1068 2766 omnia
1090 2703 1201 2781 licent,
1225 2703 1282 2766 sed

188 2832 251 2878 noo
273 2814 378 2876 omnio
400 2813 574 2894 aedificant.
620 2813 713 2878 Nemo
741 2817 825 2896 qood
852 2835 941 2879 suom
972 2826 1018 2880 est
1042 2825 1193 2898 paaerat,
1225 2818 1283 2878 sed

191 2928 273 3008 quod
295 2927 444 3002 elterios;
470 2926 528 2989 hoo
550 2934 614 3007 est,
637 2945 725 2992 nemo
749 2929 934 2992 commodum
957 2948 1042 2993 suum
1065 2936 1204 3012 quaerat,
1228 2929 1282 2995 sed

191 3039 331 3118 alterius3
353 3059 440 3104 nemo
463 3041 609 3104 honorem
632 3059 717 3104 suum
741 3049 873 3124 quaerat,
897 3041 950 3106 sed
974 3043 1102 3108 alterius.
1146 3043 1231 3108 Unde
1253 3051 1283 3108 et

189 3153 257 3218 alibi
286 3153 371 3217 dicit:
396 3150 428 3237 ⁵)
463 3153 552 3216 Alter
582 3155 714 3218 alteram
744 3157 955 3220 aestimantes
984 3158 1176 3236 superiorem
1208 3158 1282 3236 stoi,

189 3287 255 3332 aen
276 3287 355 3350 puae
377 3285 438 3329 soa
459 3276 533 3330 sont
553 3269 671 3350 sinputa'
695 3273 877 3352 eopitontes,
901 3272 957 3333 sed
978 3290 1057 3351 puae
1079 3272 1223 3334 aliorum.
1319 3249 1320 3254 ἵ

280 3378 328 3446 14.
364 3381 459 3444 Nemo
483 3382 569 3444 etiam
593 3400 676 3446 suam
698 3385 822 3466 gratiam
845 3391 978 3464 quaerat,
1001 3402 1088 3447 nemo
1111 3401 1194 3447 suam
1213 3383 1283 3446 lau·

190 3493 274 3575 dem,
305 3494 360 3559 sed
383 3495 512 3559 alterius.
557 3495 643 3572 Quod
667 3497 822 3561 evidenter
851 3497 939 3560 etiam
967 3497 997 3559 in
1025 3497 1193 3580 proverbiis
1223 3495 1280 3559 de-

191 3607 330 3671 claratum
361 3625 431 3672 esse
459 3605 641 3673 advertimus
664 3608 781 3674 dicente
803 3615 906 3673 sancto
929 3627 983 3692 per
1005 3610 1194 3675 Salomonem
1216 3611 1299 3693 spi--

190 3721 264 3784 nn:
277 3715 310 3804 ⁶)
332 3721 408 3804 Fili,
429 3721 459 3784 ei
479 3721 606 3802 sapiens
627 3719 739 3799 saeris,
763 3719 819 3783 tibi
840 3721 968 3800 sapiens
990 3721 1053 3783 eris
1069 3728 1099 3782 et
1109 3722 1282 3802 preaimt’s5

190 3834 341 3898 eleatem
362 3836 463 3900 malos
487 3836 747 3914 amrmemus
771 3833 899 3898 hauries
921 3834 1012 3896 mola
1057 3834 1180 3918 Sapiens
1204 3835 1281 3898 enim

194 3998 399 4016 *ιιι-ιιι...-

263 4103 291 4168 1)
314 4101 377 4156 Plnll.
402 4102 432 4167 3,
460 4101 500 4156 15.
572 4101 602 4168 2)
626 4101 728 4154 ttieaec.
752 4101 802 4169 28,
830 4101 854 4154 ³.
925 4102 954 4168 ³)
977 4101 1001 4155 3.
1019 4102 1084 4173 lleg.
1108 4103 1141 4169 t,
1167 4102 1201 4155 26
1225 4119 1280 4172 seq.

190 4189 220 4256 4)
240 4189 262 4245 1.
277 4187 334 4245 car.
355 4188 398 4256 10,
415 4189 456 4242 22.
528 4188 556 4254 5)
573 4187 636 4242 Phil.
654 4188 681 4256 2,
700 4187 776 4246 3-1.
846 4189 875 4256 d)
892 4187 968 4244 Pron.
988 4189 1014 4255 9,
1033 4189 1074 4242 12.

1001 4282 1075 4354 12ι
