2932 4700
221 367 265 440 28
614 363 693 426 Vm
709 363 736 424 fl.
755 360 920 426 ΑΙΒΜΙ.

220 525 271 588 itte
294 525 332 592 de
354 525 412 590 atio
436 526 545 596 dion
566 527 607 595 de
628 545 663 592 se
685 527 839 592 oraculum
861 535 975 594 maturo
998 527 1045 594 sui
1066 529 1150 594 exitu
1176 545 1313 610 conpro-

220 638 308 703 bauit.
353 639 426 703 Nam
449 639 487 703 de
509 638 616 706 eodem
637 639 725 719 loeo,
748 639 779 702 in
802 658 861 721 quo
884 641 1008 718 iacebat,
1031 661 1098 706 eum
1121 643 1220 706 subito
1242 641 1312 704 uul-

220 770 295 816 nere
317 753 430 836 ingenti
454 761 537 818 esset
558 771 731 836 pereussos,
754 754 857 818 alienis
880 755 1013 820 manibus
1036 755 1074 819 ad
1094 757 1202 820 laetum
1216 773 1312 838 usque

220 872 354 950 portatus
378 873 535 949 astatque
557 866 626 930 inde
648 866 685 930 ad
710 867 847 947 domurn,
874 867 905 930 in
928 886 986 949 qua
1008 869 1228 952 hospitabatur,
1257 887 1312 933 re-

221 980 326 1044 duetus
349 980 427 1046 diem
450 982 555 1046 clausit
577 990 750 1046 extremum.
790 983 818 1046 ls
841 982 907 1046 linis
929 986 1062 1049 virorum
1085 984 1127 1048 illi
1149 980 1313 1048 detrahen-

221 1095 293 1158 tium
316 1093 381 1175 fuit,
403 1113 492 1176 quem
514 1093 650 1160 videntes
675 1095 725 1176 qui
747 1102 816 1157 tuno
838 1073 962 1158 aderant
984 1095 1117 1162 admirati
1137 1104 1214 1162 sunt.

307 1206 358 1272 55.
405 1207 488 1271 Unde
511 1206 615 1272 hortor
637 1212 668 1269 et
690 1207 819 1273 obsecro
842 1224 958 1270 ornnem
980 1208 1138 1290 hominem,
1163 1209 1213 1291 qui
1234 1209 1313 1272 hune

221 1323 327 1388 librum
348 1321 466 1406 legerit,
489 1328 521 1402 ut
543 1321 671 1384 imitetur
692 1321 780 1384 vitam
801 1322 896 1384 sancti
918 1322 983 1402 uiri,
1007 1321 1107 1387 laudet
1125 1323 1313 1406 deigratiam

221 1444 251 1501 et
281 1435 409 1500 declinet
439 1433 657 1498 detrahentium
688 1433 823 1516 linguas,
855 1434 881 1496 si
911 1433 974 1496 uuit
1004 1435 1098 1517 magis
1129 1436 1313 1500 consortium

220 1551 333 1614 habere
356 1569 421 1613 oum
444 1547 606 1614 Ambrosio
629 1549 658 1610 io
681 1520 1021 1628 resurrectione'vioe,
1055 1567 1141 1630 quam
1164 1567 1231 1611 oum
1254 1547 1313 1611 de-

220 1665 404 1729 trahentibus
427 1664 528 1728 subire
549 1663 733 1747 supplicium,
756 1662 838 1744 quod
853 1663 949 1726 nullus
964 1663 1084 1746 sapiens
1100 1683 1161 1728 non
1178 1664 1311 1728 declinat.

308 1776 359 1844 56.
405 1779 496 1842 Tuam
526 1780 613 1842 etiam
639 1794 749 1860 precor
770 1776 997 1860 beatitudinem,
1028 1784 1113 1858 pater
1134 1777 1313 1862 Augustino,

220 1900 254 1957 ut
275 1912 331 1976 pro
353 1913 401 1958 uno
423 1893 583 1958 humillimo
602 1898 632 1955 et
647 1899 808 1974 pereatore
821 1892 943 1956 Paulino
959 1911 1026 1956 euru
1042 1893 1177 1957 omnibus
1193 1893 1313 1971 sanetis,

221 2008 272 2090 qui
294 2013 391 2070 teoum
414 2008 554 2070 invocant
575 2023 685 2068 nornen
707 2003 817 2068 domini
839 2005 934 2068 nostri
954 2003 1024 2068 lesu
1045 2003 1153 2067 Christi
1175 2003 1205 2066 in
1227 2005 1312 2069 veri-

219 2128 288 2202 tate,
312 2138 401 2185 orare
425 2119 574 2203 digneris,
597 2125 645 2198 ut,
669 2117 738 2199 quia
759 2116 790 2180 in
811 2115 1003 2198 adipiscenda
1025 2116 1119 2198 gratia
1142 2136 1208 2181 oum
1231 2125 1313 2181 tanto

219 2239 285 2302 uiro
314 2255 376 2302 non
405 2254 470 2300 sum
501 2234 610 2319 dignus
643 2233 755 2297 habere
789 2231 989 2312 consortium,
1023 2230 1146 2313 adeptus
1179 2249 1312 2296 meorum

219 2353 336 2416 ueniam
358 2357 563 2434 peecatorum,
587 2350 625 2414 sit
647 2349 716 2412 mihi
738 2348 899 2431 praemium
922 2347 1038 2432 fugisse
1060 2348 1245 2430 supplicium.

1456 2223 1458 2301 i
