2976 4706
237 358 302 426 108
681 354 706 409 s.
725 351 882 410 hithhosll

235 519 327 584 decus
357 523 454 582 autem
483 523 631 599 tamquam
665 522 807 580 venustas
837 523 868 578 et
896 514 1091 598 pulchritudo.
1138 517 1219 584 Sicut
1252 535 1326 602 ergo

234 630 422 715 pulchritudo
441 647 531 712 supra
552 630 751 694 salubritatem
766 647 801 692 ac
820 627 1009 694 valitudinem
1031 629 1147 694 videtin
1167 629 1327 710 excellere,

123 801 127 818 .
154 747 158 754 “
235 754 265 812 et
278 753 377 810 tamen
398 746 463 809 sine
485 744 530 808 his
554 761 624 808 esse
647 762 708 806 non
730 749 845 825 potest,
867 761 966 825 neque
987 744 1049 808 ullo
1071 744 1205 826 separari
1226 742 1326 825 modo,

235 861 375 945 quoniam
398 860 455 922 nisi
477 859 558 922 hona
579 857 709 922 valitudo
732 858 788 937 sit,
819 857 1004 940 pulchritudo
1036 875 1106 922 esse
1128 865 1326 924 devenustes

236 993 297 1040 non
318 980 435 1057 potest:
461 972 506 1036 sio
529 972 671 1036 honestas
694 971 837 1036 decorum
858 971 929 1036 illud
951 973 982 1036 in
1004 989 1038 1036 se
1060 973 1210 1052 continet,
1235 980 1268 1036 ut
1289 973 1326 1036 ah

236 1109 271 1153 ea
295 1088 461 1172 proiectum
483 1085 622 1150 videatur
637 1093 667 1149 et
682 1087 747 1150 sine
764 1105 800 1150 ea
815 1103 884 1149 esse
902 1104 964 1150 non
986 1087 1089 1167 possit.
1133 1085 1221 1150 Velut
1243 1087 1327 1151 salu-

232 1205 323 1268 britas
351 1203 441 1286 igitur
472 1201 563 1264 totius
595 1201 696 1285 operis
729 1207 872 1282 actusque
905 1201 999 1264 nostri
1032 1201 1173 1264 honestas
1204 1205 1265 1280 est,
1298 1205 1328 1264 et

234 1318 310 1382 siout
340 1316 459 1398 speeies
493 1321 539 1378 est
572 1314 731 1395 decorum,
769 1314 849 1396 quod
883 1332 950 1378 cum
982 1314 1138 1377 honestate
1160 1297 1327 1378 confusum

234 1432 374 1514 opinione
397 1430 595 1512 distinguitur.
640 1429 713 1491 Nam
738 1430 793 1491 etsi
815 1429 846 1490 in
869 1428 968 1509 aliquo
1000 1426 1134 1491 videatur
1165 1428 1326 1507 excellere,

232 1551 330 1610 lamen
353 1546 383 1607 in
406 1543 507 1607 radice
530 1551 576 1606 est
599 1542 781 1621 honestatis,
814 1541 868 1605 sed
894 1542 970 1605 flore
999 1544 1177 1623 praecipuo,
1206 1547 1239 1604 ut
1260 1542 1326 1606 sina

233 1677 268 1720 ea
291 1657 426 1738 decidat,
448 1659 479 1721 in
503 1675 538 1722 ea
559 1655 673 1720 horeat.
718 1657 795 1732 Quid
818 1663 865 1718 est
888 1658 965 1720 enim
987 1655 1146 1734 honestas,
1169 1655 1226 1718 nisi
1248 1673 1325 1737 quae

232 1770 445 1853 turpitudinem
477 1775 562 1854 qnasi
593 1779 718 1838 mortem
749 1773 865 1856 fugiat?
910 1771 987 1846 Quid
1021 1789 1094 1836 vero
1128 1772 1325 1852 inhonestum,

233 1887 292 1950 nisi
315 1887 394 1968 quod
416 1887 581 1952 ariditatem
603 1907 639 1952 ao
660 1894 784 1952 mortem
808 1886 948 1951 adierat?
991 1886 1115 1950 Virentc
1138 1887 1228 1969 igitur
1249 1886 1325 1949 suh-

231 2002 340 2064 stantia
362 2004 478 2068 virtutis
503 2003 645 2068 decorum
666 2001 738 2068 illud
761 2010 907 2085 tamquam
929 2001 986 2067 ilos
1010 2002 1132 2080 emicat,
1155 2001 1222 2081 quia
1240 1997 1326 2064 radix

230 2115 312 2179 solva
331 2123 391 2195 est3
415 2126 537 2184 atvero
557 2119 702 2201 propositi
720 2120 815 2183 nostri
836 2117 935 2180 radice
954 2117 1059 2180 vitiosa
1077 2113 1148 2178 nihil
1169 2114 1323 2196 germinat.

316 2228 388 2295 221.
433 2232 532 2296 llahcs
564 2233 674 2298 hocin
700 2233 810 2296 nostris
842 2231 990 2312 aliquanto
1020 2228 1201 2311 expressius.
1246 2226 1322 2289 Dicit

229 2342 306 2404 enim
329 2342 440 2406 David:
458 2339 486 2427 ¹)
508 2345 660 2408 Dominus
682 2344 840 2426 rcpnooit,
865 2344 1007 2406 decorem
1029 2342 1140 2406 induit.
1186 2341 1223 2406 Et
1244 2359 1322 2424 apo-

230 2455 323 2518 stolus
345 2457 398 2518 ait:
416 2452 449 2539 Ἰ)
477 2458 567 2520 Sicut
588 2461 622 2521 in
644 2460 715 2536 dic,
747 2459 876 2520 honeste
899 2458 1062 2520 ambulate.
1107 2455 1194 2531 Quod
1216 2454 1322 2520 Graeci

229 2567 330 2629 dicunt
351 2558 560 2652 εὐσχημόνως,
594 2571 652 2633 hoo
675 2576 772 2632 autem
794 2570 916 2651 proprie
939 2569 1086 2651 signifieat
1106 2571 1186 2632 hono
1209 2569 1321 2649 habitu,

229 2681 308 2744 hona
342 2684 452 2764 specie.
507 2683 589 2746 Deus
624 2702 697 2766 ergo
729 2684 854 2766 primum
888 2682 1037 2746 hominem
1071 2702 1137 2746 oum
1169 2682 1320 2762 conderet,

230 2794 307 2858 hona
336 2795 524 2876 habitudine,
554 2798 633 2861 bona
662 2798 860 2860 membrorum
894 2797 1101 2879 conpositione
1131 2796 1269 2861 formavit
1291 2802 1322 2859 et

229 2908 366 2991 optimam
389 2911 417 2972 ei
439 2912 569 2992 speciem
593 2910 681 2975 dedit.
725 2911 941 2976 Remissionem
971 2930 1031 2976 non
1058 2911 1181 2976 dederat
1207 2927 1320 2995 peeca-

228 3028 340 3100 torum3
372 3025 426 3086 sed
455 3031 560 3106 postea
590 3045 676 3108 quam
703 3028 859 3092 renovavit
891 3045 957 3090 eum
988 3027 1091 3108 spiritu
1114 3032 1143 3089 et
1164 3025 1270 3089 inludit
1292 3025 1320 3087 ei

228 3137 361 3220 gratiam,
385 3140 434 3219 qui
456 3148 582 3203 venerat
603 3142 633 3203 in
656 3143 738 3204 servi
759 3141 853 3206 forma
872 3149 902 3204 et
923 3142 953 3204 in
976 3141 1102 3205 hominis
1125 3139 1237 3223 specie,
1260 3139 1317 3203 ad-

228 3251 353 3332 sumpsit
384 3250 525 3316 deoorem
553 3253 765 3335 redemptionis
798 3255 951 3318 humanae.
996 3254 1033 3316 Et
1055 3253 1123 3318 ideo
1147 3255 1220 3318 dixit
1241 3273 1319 3336 pro·

227 3363 334 3445 phata:
351 3361 384 3448 ³)
414 3366 565 3431 Dominus
595 3370 755 3450 regnauit,
789 3371 932 3435 decorem
956 3370 1067 3432 iodoa‘t.
1112 3369 1227 3432 Deinde
1249 3368 1318 3433 alibi

228 3477 312 3558 dicit:
331 3475 363 3562 4)
398 3480 438 3542 Tc
459 3482 546 3546 dccet
567 3484 716 3566 hymnos,
749 3484 843 3562 deos,
866 3486 900 3546 ia
922 3484 1021 3560 Statu
1050 3484 1108 3548 hoo
1131 3489 1178 3546 est
1199 3483 1317 3546 dioere:

227 3591 390 3657 Honestum
422 3601 468 3658 est
498 3601 531 3658 ut
561 3601 591 3657 tc
621 3596 790 3676 timeamus,
826 3603 856 3660 te
889 3595 1060 3679 diligamus,
1093 3601 1122 3658 te
1151 3613 1318 3677 precemur,

227 3712 257 3767 ιε
273 3705 519 3784 honorificemus3
542 3707 682 3790 scriptum
698 3714 743 3770 est
758 3709 852 3771 enim:
871 3704 902 3791 5)
928 3708 1041 3772 Omnia
1062 3717 1170 3772 oestro
1192 3710 1317 3772 honeste
1408 3791 1413 3802 ν

225 3819 312 3900 fiant.
358 3819 417 3885 Sed
447 3837 605 3903 possumus
633 3829 664 3884 ot
689 3821 837 3886 hominem
865 3823 986 3903 timere,
1019 3823 1163 3908 diligere,
1193 3841 1317 3908 rogare,

272 4094 434 4167 ¹1)Psalm.
454 4097 496 4163 92,
516 4096 539 4150 1.
601 4097 630 4165 2)
648 4097 721 4154 Rom.
742 4101 784 4174 13,
804 4101 845 4161 13.
903 4097 1103 4181 spurciciae,
1123 4102 1147 4160 1.
1201 4102 1231 4170 4)
1249 4101 1313 4157 ibid.

217 4181 325 4259 ι614,2.1
384 4182 413 4255 5)
432 4183 456 4239 1.
475 4181 534 4244 Cot.
554 4183 596 4256 tt,
615 4184 656 4245 4⁰.
