2932 4700
203 365 246 431 53
647 355 846 418 amnaaosu

290 518 340 585 73.
385 521 460 586 Sunt
481 522 569 584 etiam
592 522 643 604 qui
665 523 774 586 sensim
797 521 973 587 ambulando
995 523 1145 588 imitentur
1165 523 1290 588 histrio-

201 635 286 700 nicos
308 640 411 718 gestus
434 643 463 701 et
485 640 569 720 quasi
592 638 734 720 quaedam
757 638 871 703 fercula
892 657 1065 722 pomparum
1087 647 1117 702 et
1131 644 1290 704 statuarum

201 757 296 814 motus
320 753 491 833 nutantium,
514 759 554 833 ut,
578 755 842 836 quotienscumque
864 754 987 838 gradum
1009 753 1199 834 transierunt,
1221 771 1290 817 mo-

202 864 288 930 dulos
310 866 454 948 quosdana
477 884 601 931 servare
623 868 788 934 videantur.

288 977 338 1044 74.
383 980 446 1043 Nec
469 983 577 1044 cursim
600 982 750 1045 ambulare
779 983 937 1048 honestum
965 983 1107 1061 arbitror,
1139 981 1196 1044 nisi
1225 997 1291 1044 cum

201 1109 290 1156 causa
314 1094 407 1176 exigit
426 1094 549 1158 alicuius
564 1094 687 1176 periculi
702 1094 752 1157 vel
768 1095 842 1158 iusta
857 1096 1029 1158 necessitas.
1066 1094 1139 1157 Nam
1154 1094 1290 1175 plerum-

201 1225 259 1289 que
281 1207 455 1272 festinantes
478 1209 601 1272 anhelos
623 1207 758 1272 videmus
780 1215 923 1290 torquere
947 1226 1009 1289 ora,
1032 1207 1137 1290 quibus
1161 1209 1186 1272 si
1202 1225 1290 1272 causa

201 1321 279 1385 desit
309 1321 505 1386 festinationis
535 1323 742 1403 necessariae,
776 1340 889 1386 naevos
921 1324 1015 1387 iustae
1038 1322 1212 1386 offensionis
1236 1327 1289 1385 est.

201 1435 261 1501 Sed
283 1453 343 1499 non
367 1437 404 1498 de
426 1436 471 1498 bis
495 1437 572 1517 dico,
595 1437 701 1519 quibus
719 1456 786 1500 rara
802 1440 973 1520 properatio
990 1456 1029 1500 ex
1045 1454 1134 1500 causa
1150 1436 1290 1516 nascitur,
1330 1434 1332 1438 ’

201 1548 255 1612 sed
279 1551 384 1631 quibus
407 1551 484 1635 iugis
507 1556 537 1613 et
558 1552 697 1615 continua
720 1552 750 1613 in
773 1558 906 1630 naturam
929 1553 1061 1615 vertitur.
1098 1551 1161 1614 Nec
1183 1549 1290 1612 inillis

201 1681 269 1746 ego·
285 1671 430 1746 tamquam
453 1665 674 1728 simulacrorum
697 1664 814 1748 effigies
836 1666 949 1748 probo,
980 1682 1038 1728 nec
1066 1665 1096 1725 io
1126 1664 1190 1727 istis
1212 1669 1291 1726 tam-

202 1796 288 1859 quam
313 1797 510 1843 excussorum
531 1781 641 1844 ruinas.

290 1891 339 1958 75.
384 1893 437 1956 Est
467 1894 553 1958 etiam
583 1911 708 1978 gressus
740 1893 920 1976 probabilis,
952 1894 982 1957 in
1014 1910 1074 1974 quo
1105 1891 1142 1956 sit
1173 1893 1290 1975 species

201 2008 384 2071 auctoritatis
406 2009 620 2091 gravitatisque
646 2008 779 2092 pondus,
811 2008 1023 2090 tranquillitatis
1046 2007 1218 2090 vestigium3
1251 2007 1290 2069 ita

200 2129 298 2186 tamen
320 2123 347 2185 si
368 2122 495 2187 studium
519 2123 594 2186 desit
617 2131 705 2205 atque
727 2122 903 2202 adfectatio,
935 2120 989 2184 sed
1018 2128 1115 2184 motus
1138 2121 1176 2184 sit
1198 2137 1290 2202 purus

201 2255 236 2302 ac
259 2236 399 2319 simplex3
422 2237 494 2301 nihil
516 2238 593 2300 enim
610 2237 741 2300 fucatum
755 2238 859 2318 placet.
897 2236 1008 2300 Motum
1023 2242 1127 2299 natura
1142 2235 1289 2300 informet.

202 2349 233 2418 si
256 2350 325 2432 quid
348 2369 421 2413 saue
445 2351 475 2412 in
503 2355 607 2413 natura
637 2350 699 2412 vitii
729 2356 791 2430 est,
821 2349 964 2412 industria
995 2349 1149 2429 emendet,
1181 2355 1213 2412 ut
1242 2366 1292 2412 ars

192 2463 295 2560 desit,
319 2481 380 2527 non
403 2463 479 2527 desit
502 2465 659 2528 correctio.

291 2571 340 2638 76.
386 2575 520 2649 Quodsi
543 2577 630 2638 etiam
653 2576 708 2638 ista
732 2582 903 2657 spectantur
926 2575 1029 2655 altius,
1062 2583 1172 2658 quanto
1198 2576 1292 2660 magis

202 2687 365 2750 cavendum
388 2695 449 2769 est,
482 2708 520 2752 ne
548 2689 618 2770 quid
647 2697 733 2773 turpe
763 2708 817 2753 ore
844 2697 947 2768 exeat;
979 2691 1037 2754 boc
1062 2691 1138 2753 enim
1161 2691 1293 2774 graviter

202 2800 372 2881 coinquinat
393 2800 549 2864 bominem.
594 2800 661 2863 Non
685 2803 763 2864 enirn
785 2802 867 2864 cibus
892 2805 1079 2884 coinquinat,
1109 2804 1164 2868 sed
1187 2803 1292 2867 iniusta

202 2914 394 2994 obtrectatio,
425 2915 479 2977 sed
502 2916 661 2980 verborum
683 2916 859 2980 obscenitas.
904 2918 1094 2981 liacoetiam
1116 2918 1208 3002 vulgo
1231 2935 1292 3000 pu-

202 3025 268 3090 dori
290 3033 365 3090 sunt.
411 3026 443 3088 ln
472 3034 575 3091 nostro
605 3047 678 3093 vero
710 3029 809 3093 officio
840 3031 950 3094 nullum
979 3033 1103 3094 verbum
1134 3031 1213 3114 quod
1242 3032 1313 3112 in·-

201 3141 328 3204 honeste
351 3140 446 3221 cadat,
473 3161 533 3205 non
556 3144 677 3207 incutiat
700 3145 916 3210 verecundiam.
961 3146 997 3209 Et
1017 3165 1079 3210 non
1102 3146 1198 3209 solum
1221 3146 1293 3209 nihil

201 3255 257 3338 ipsi
280 3254 453 3318 indecorum
475 3257 573 3340 loqui,
605 3259 658 3322 sed
682 3278 719 3322 ne
742 3279 843 3323 aurem
866 3261 983 3342 quidem
1013 3261 1154 3324 debemus
1183 3260 1291 3324 buius-

200 3370 281 3434 modi
303 3371 448 3452 praebere
472 3370 573 3451 dictis,
598 3373 675 3435 sicut
695 3371 818 3454 loseph,
838 3370 865 3455 ¹)
888 3389 927 3435 ne
949 3375 1114 3458 incongrua
1137 3389 1210 3436 suae
1233 3387 1291 3433 au-

202 3486 278 3548 diret
299 3485 515 3566 verecundiae,
538 3493 624 3549 veste
646 3486 722 3570 fugit
743 3488 861 3572 relicta,
895 3489 1032 3571 quoniam
1055 3506 1142 3570 quern
1166 3487 1291 3550 delectat

130 3637 141 3654 ·
201 3598 313 3678 audire,
337 3599 461 3662 alterum
483 3600 565 3682 loqui
587 3607 741 3683 provocat.

289 3713 338 3775 tt.
384 3714 562 3798 Intellegere
593 3734 713 3797 quoque
743 3716 824 3798 quod
853 3723 940 3799 turpe
971 3717 1008 3780 sit
1030 3716 1127 3798 pudor
1148 3715 1290 3779 maximus

202 3831 256 3887 est.
302 3826 444 3907 Spectare
466 3846 550 3907 vero,
573 3830 598 3891 si
623 3829 692 3911 quid
714 3829 881 3893 huiusmodi
905 3830 1025 3893 fortuitu
1047 3829 1168 3908 accidat,
1193 3828 1292 3910 quanti

201 3938 337 4002 horroris
360 3943 420 4004 esti
459 3943 546 4018 Quod
570 3963 645 4028 ergo
667 3945 698 4008 in
721 3945 786 4009 aliis
809 3945 953 4028 displicet,
977 3941 1118 4023 numquid
1140 3947 1239 4025 potest
1261 3943 1291 4006 in

200 4091 411 4106 μ...-

271 4181 502 4258 DQQQ
