2976 4702
414 311 459 368 ur
479 311 615 368 orncns
634 313 857 370 omissionum
874 315 971 370 arran
987 316 1029 372 m.
1203 321 1265 386 215
1332 284 1334 286 ¹

175 483 335 541 extraneos
364 473 614 557 requiescendum
642 481 774 558 putaret,
806 477 940 558 nequivit
967 487 1071 543 tenere
1101 484 1130 542 el
1159 479 1267 544 dimisit

173 590 487 655 mmmm

262 701 331 768 114.
370 705 480 766 Verum
503 701 553 765 ubi
576 701 651 765 iacta
675 709 721 764 est
743 701 840 783 aliqua
862 705 1047 786 progressio,
1071 724 1137 768 eum
1157 725 1266 789 vesper

172 819 228 881 iam
259 819 382 900 propior
413 823 557 899 urgueret
588 823 618 878 et
640 815 904 898 adpropinquatnm
927 817 1006 882 foret
1029 819 1066 881 ad
1089 821 1191 884 urbem
1214 821 1264 884 le-

170 933 350 996 busaeorum
375 931 493 995 dicente
515 930 636 994 servulo
655 937 688 994 ut
705 932 742 993 ad
760 949 824 993 eam
841 933 976 998 dominus
992 951 1064 998 suus
1081 935 1263 1016 deflecteret,

171 1067 233 1111 non
256 1047 408 1128 adquievit
430 1047 566 1110 dominus
590 1063 673 1125 suus,
696 1047 762 1128 quia
787 1064 847 1108 non
870 1055 933 1110 erat
957 1067 992 1110 ea
1015 1049 1118 1113 ciuitas
1137 1050 1263 1114 liliorum

172 1161 277 1241 krael,
307 1161 361 1225 sed
384 1161 507 1224 intendit
528 1160 689 1242 pervenire
711 1179 808 1241 usque
831 1159 948 1242 Gabaa,
979 1181 1056 1244 quae
1079 1164 1264 1230 habitabatur

173 1293 189 1338 a
211 1276 322 1358 populo
345 1276 439 1338 tribus
455 1275 614 1337 Beniamin.
652 1275 715 1338 Neo
737 1281 801 1338 erat
817 1277 980 1358 quisquam,
1003 1279 1053 1359 qui
1068 1278 1262 1342 advenientes

171 1390 321 1472 reciperet
334 1389 473 1472 hospitio,
490 1389 545 1452 nisi
560 1389 607 1452 vir
621 1389 799 1474 peregrinus
815 1409 977 1473 progressa
989 1398 1095 1455 aetate.
1124 1392 1181 1466 Qui
1196 1411 1262 1456 oum

172 1505 338 1584 aspexisset
361 1522 414 1568 eos
438 1510 467 1565 et
489 1505 706 1586 interrogasset
729 1503 864 1568 levitam:
898 1505 964 1580 Ouo
987 1505 1088 1584 vadis,
1111 1506 1159 1568 vel
1182 1505 1261 1570 unde

170 1619 282 1682 venis‘l
319 1637 378 1699 quo
400 1618 601 1700 respondente
622 1618 702 1700 quod
725 1627 806 1682 esset
829 1621 925 1684 viator
947 1626 977 1682 et
999 1627 1151 1702 repeteret
1169 1637 1261 1686 mon-

171 1738 229 1794 tem
252 1731 397 1814 Ephrnem
426 1738 457 1794 et
485 1749 545 1794 non
575 1736 658 1794 asset
684 1733 733 1813 qui
756 1730 913 1814 colligerat
936 1752 1020 1814 eum,
1053 1734 1209 1816 hospitium
1233 1735 1260 1798 ei

171 1846 274 1929 optulit
296 1852 324 1907 et
346 1845 502 1908 adornavit
523 1845 700 1907 convivium.

260 1957 330 2024 115.
375 1959 415 2023 At
437 1958 487 2022 ubi
509 1960 628 2022 satietas
651 1959 788 2042 epulandi
816 1959 890 2023 laeta
920 1967 967 2024 est
996 1968 1027 2024 et
1055 1981 1176 2026 mensae
1204 1982 1259 2027 re-

169 2080 282 2154 motae,
305 2075 460 2138 inruerunt
482 2074 654 2156 pestilentes
677 2074 750 2153 viri,
772 2075 980 2138 circumierunt
1004 2077 1130 2140 domum.
1176 2079 1259 2143 Tune

170 2192 272 2253 sanior
303 2189 389 2252 liliam
420 2205 503 2251 suam
531 2189 678 2271 virginem
709 2194 737 2251 el
767 2189 959 2270 coaequalem
990 2191 1072 2270 eius,
1106 2211 1171 2255 oum
1201 2209 1259 2275 qua

169 2305 300 2367 cubitare
324 2303 410 2368 solita
433 2308 529 2382 esset,
553 2301 699 2366 offerebat
720 2304 791 2366 uiris
814 2303 990 2385 iniquitatis,
1018 2292 1188 2369 tantumne
1212 2310 1257 2372 vis

167 2419 355 2502 irrogaretur
376 2417 494 2500 hospiti.
539 2419 649 2480 Verum
672 2419 722 2482 ubi
744 2437 846 2500 parum
870 2419 944 2482 ratio
974 2421 1122 2502 prooessit
1152 2428 1182 2484 et
1211 2423 1257 2486 vis

165 2532 345 2615 praevaluit,
375 2533 467 2594 cessit
496 2531 603 2594 levites
633 2532 723 2615 iugali
752 2548 823 2611 sua,
856 2539 887 2595 et
910 2539 1117 2616 cognoverunt
1140 2551 1203 2596 eam
1227 2541 1257 2597 et

165 2651 226 2708 tota
249 2652 337 2708 noete
360 2644 525 2708 inluserunt
547 2646 584 2707 ei.
630 2645 693 2719 Qua
716 2645 870 2708 atrocitate
893 2645 941 2707 vel
967 2646 1072 2710 dolore
1101 2649 1176 2713 uicta
1206 2650 1256 2712 in-

165 2761 258 2822 iuriae
281 2765 349 2821 ante
371 2760 477 2823 ostium
501 2759 643 2840 hospitis,
675 2777 734 2840 quo
757 2759 803 2821 vir
826 2776 898 2821 suus
922 2759 1100 2840 diverterat,
1131 2761 1256 2843 proiecit

164 2891 199 2937 se
214 2881 303 2955 alque
320 2873 467 2938 exhalavit
482 2876 625 2957 spiritum,
646 2893 785 2956 supremo
801 2874 871 2937 licet
885 2875 965 2937 vitae
981 2892 1104 2937 munere
1119 2875 1254 2938 allectum

164 2990 262 3052 bonae
285 2988 421 3075 coniugis
444 3004 587 3067 servans,
620 2993 652 3050 ut
675 2988 834 3068 exsequias
856 2987 958 3049 saltem
982 2989 1027 3050 sui
1051 2987 1165 3052 funeris
1188 3007 1255 3052 ma-

163 3105 221 3167 rito
244 3109 425 3165 reservaret.

253 3214 323 3281 116.
369 3217 435 3291 Quo
459 3217 597 3298 cognito,
627 3234 666 3278 ne
688 3215 787 3278 multis
809 3232 927 3293 morer,
958 3214 1053 3277 omnis
1075 3232 1170 3296 propa
1192 3231 1253 3296 po-

162 3334 249 3415 pulus
264 3331 357 3394 lsrael
378 3331 407 3392 in
429 3330 537 3393 bellum
561 3332 680 3410 exarsit,
697 3328 724 3415 ¹)
748 3329 897 3411 dubioque
919 3334 1029 3390 eventu
1052 3345 1118 3390 oum
1141 3347 1251 3410 anceps

162 3453 295 3509 maneret
324 3446 488 3528 proelium,
520 3446 606 3508 tertia
636 3451 732 3508 tamen
762 3443 926 3526 proeliandi
957 3443 1023 3506 vioe
1053 3443 1175 3506 traditus
1206 3450 1252 3506 est

162 3560 287 3641 populus
308 3559 458 3622 Beniamin
481 3556 591 3640 populo
613 3558 705 3620 lsrael
727 3563 756 3620 et
780 3555 876 3618 divina
899 3553 1082 3618 adiudicatus
1104 3559 1250 3622 sententia

162 3691 273 3755 poenas
296 3675 538 3757 intemperantiae
559 3675 621 3738 luit.
667 3673 886 3738 condemnatus
909 3691 1044 3753 qnoque,
1061 3671 1094 3759 ²]
1122 3691 1161 3736 ne
1183 3675 1249 3756 quis

163 3789 191 3850 ei
221 3807 260 3852 ex
286 3807 411 3854 numero
440 3796 554 3872 patrum
583 3789 670 3852 filiam
700 3808 783 3852 suam
813 3788 896 3851 daret
925 3789 954 3850 in
985 3805 1128 3867 uxorem,
1159 3787 1249 3870 idque

61 3895 64 3902 ’
163 3902 361 3966 confirmatum
384 3906 456 3968 iuris
479 3903 593 3968 iurandi
611 3909 796 3967 sacramento
813 3910 865 3966 est.
904 3903 962 3968 Sed
979 3904 1146 3986 conpuncti,
1168 3902 1248 3988 quod

231 4146 259 4213 1)
277 4144 353 4200 ludio.
372 4145 414 4214 20,
433 4147 446 4198 l
467 4163 522 4220 aeq.
590 4148 619 4214 2)
636 4145 699 4202 Ihld.
719 4145 762 4215 21,
781 4147 795 4198 l
814 4164 868 4218 req.
