2894 4716
225 355 291 428 404
645 357 903 418 snuuttuoous

700 517 734 570 Cr
756 561 761 574 .
817 523 845 574 V.

295 604 320 667 ς.
339 601 382 666 88,
405 603 426 656 1.
447 607 588 661 Helissous
608 615 677 658 recte
697 521 867 662 ttsbsblsrn.
886 609 984 664 Erum.
1005 609 1105 666 Corter.
1122 612 1234 682 Piston,
1259 620 1336 670 beli-

225 709 290 746 erue
310 691 349 742 W.
369 691 459 744 titcde
479 700 503 745 et
522 690 600 756 Bsbc,
619 697 747 763 teipssue
765 695 825 766 Μῐς,
844 701 973 754 Eiisoouo
992 701 1136 754 eddborn.
1152 701 1334 773 diruuntque
1408 683 1409 740 i

225 779 289 832 Giib.
326 780 387 832 Turn
413 791 543 851 sequntur
568 781 613 834 Μι.
641 781 719 835 bitur.
745 781 809 836 Giib.
855 787 879 838 3.
906 793 1039 858 erpticurrs
1057 807 1115 842 cuns
1135 789 1185 858 ttg.
1231 791 1334 842 Deinde

224 872 373 924 introduxit
388 873 536 922 ererwinus
549 867 650 937 bibodg,
669 873 748 923 duxit
763 879 908 928 somoriam
921 873 963 924 bii.
1001 875 1026 926 i.
1046 878 1154 944 adaperi
1168 875 1217 942 ua,
1239 882 1336 946 rpperi

224 953 267 1008 bc.
305 955 363 1008 bion
387 965 413 1009 et
437 959 561 1011 ciderunt
587 973 636 1008 orn.
657 956 719 1009 bbc.
764 959 788 1010 5.
815 963 916 1015 irruis!
934 960 973 1011 W.
995 961 1031 1011 bii
1054 970 1079 1013 et
1098 958 1136 1012 Bb
1159 979 1181 1014 c.
1206 964 1251 1013 ed.
1274 961 1332 1014 Coi.

223 1041 284 1096 rum
302 1056 438 1114 percutere
455 1061 502 1099 sos
519 1047 597 1098 oeiiet
615 1048 756 1116 inpressos
775 1043 823 1112 Bt,
843 1035 985 1120 inpressu}
1003 1048 1052 1118 big.
1091 1049 1115 1100 6.
1133 1061 1264 1118 posceret
1283 1056 1332 1120 sa-

223 1136 344 1187 crritotem
363 1130 406 1183 bc.
450 1130 476 1183 b.
496 1131 540 1183 uit.
570 1133 635 1184 Ante
661 1143 759 1187 torrem
783 1137 998 1203 praepositionem
1018 1153 1068 1188 oin.
1087 1135 1119 1185 W
1137 1145 1164 1188 et
1183 1135 1272 1202 itaet,
1306 1143 1333 1190 iu

223 1230 295 1274 terro
314 1219 406 1272 hubent
426 1219 467 1290 ttg
485 1227 511 1270 et
532 1219 573 1271 ed.
593 1216 647 1270 Coi.
687 1218 750 1272 bein
770 1226 871 1278 iurabo!
890 1221 925 1274 Mi
942 1240 963 1276 c.
984 1225 1024 1276 ed.
1045 1221 1100 1276 Col.

294 1310 318 1374 §.
339 1307 387 1373 et,
410 1305 431 1359 1.
458 1310 620 1360 Graecorum
646 1321 696 1357 orn.
718 1305 757 1358 W.
795 1307 834 1358 De
858 1325 886 1360 re
911 1309 962 1361 vid.
989 1313 1042 1364 Cic.
1070 1311 1103 1362 de
1127 1309 1197 1361 offic.
1220 1309 1264 1362 111.
1290 1311 1333 1362 tt.

223 1395 303 1461 §.itt
341 1396 366 1446 2.
386 1398 519 1449 adversus
537 1392 590 1444 Rbc
610 1393 854 1464 editionesqueCoi.
875 1415 905 1450 ec
924 1397 990 1467 bled.
1025 1399 1050 1450 6.
1070 1418 1115 1454 eoo
1134 1396 1214 1450 inBc
1234 1416 1332 1467 super·
1408 1409 1409 1414 ’

222 1483 352 1549 scriptum.
389 1479 455 1532 Dein
481 1483 679 1534 consummandi
697 1480 728 1530 W
748 1490 774 1532 et
792 1497 829 1550 pr.
852 1481 907 1546 blo,
938 1485 963 1536 in
989 1501 1038 1554 quo
1062 1495 1152 1554 postea
1179 1495 1333 1539 correctum

224 1577 263 1622 ost
278 1571 456 1622 consumendi.
489 1567 546 1618 itox
558 1569 654 1637 praciii
669 1567 746 1620 babet
759 1567 795 1621 bc
807 1573 998 1639 praepositione
1012 1577 1050 1637 ist,
1069 1590 1134 1642 qnae
1147 1573 1331 1643 subsequitur,

224 1659 323 1707 omisis.
370 1657 399 1732 i.x
414 1667 570 1709 concuteret
589 1655 620 1705 W
639 1665 664 1708 et
682 1673 719 1724 pr.
739 1657 787 1709 bie.
824 1658 885 1710 Tum
911 1679 943 1714 nc
961 1676 1008 1727 pro
1026 1665 1076 1714 iao
1096 1659 1139 1711 Bo.
1189 1660 1216 1712 8.
1237 1669 1332 1731 poscit

223 1743 255 1795 W
274 1751 299 1795 ct
317 1759 355 1810 pr.
374 1741 430 1807 tta,
450 1757 556 1809 quorum
576 1743 615 1796 bic
634 1762 649 1796 e
669 1761 732 1796 corr.
751 1758 876 1816 porterum
901 1746 955 1800 bbc
971 1766 1023 1803 non
1040 1757 1157 1819 possent.
1195 1747 1225 1799 8.
1245 1753 1331 1803 Heli·

222 1849 303 1886 sucus
322 1830 366 1882 Bc.
385 1830 489 1884 Anterb.
508 1829 606 1885 Eresos.
620 1829 689 1884 Cost.
703 1827 805 1900 Piston,
824 1843 966 1888 ceterorum
984 1835 1058 1890 codd.
1079 1835 1196 1904 plerique
1219 1853 1245 1888 c.
1267 1838 1329 1889 edd.

223 1917 564 1986 Col.ncb1ed.beiircus‚
593 1920 643 1972 duo
663 1923 803 1990 deipnos,
831 1921 888 1998 edd.
908 1922 983 1988 relb,
1011 1933 1151 1992 utsupra,
1182 1926 1327 1978 ditionem.

223 2009 246 2060 9.
267 2013 390 2079 deceptos
409 2024 517 2077 moxque
534 2025 684 2078 percursus
703 2006 747 2073 Bc,
766 2013 828 2063 iicet
846 2018 871 2060 et
890 2009 906 2061 Ι.
926 2028 963 2080 sq.
983 2022 1067 2066 tamen
1087 2026 1106 2061 r.
1128 2028 1160 2062 nr.
1183 2009 1282 2062 delevit
1302 2013 1326 2062 in

223 2097 271 2148 idn.
301 2095 397 2150 Eodem
416 2114 486 2150 voco.
507 2094 599 2148 desunt
614 2095 638 2147 in
654 2099 746 2148 ceteris
760 2095 873 2149 Monncc.
906 2097 954 2150 Pro
966 2109 1094 2168 potestate
1105 2101 1205 2152 domini
1220 2098 1326 2166 bibcdig

223 2186 317 2240 babent
334 2190 467 2242 voluntate
484 2189 598 2248 domini,
627 2183 662 2236 bb
681 2185 770 2236 scribit
790 2189 962 2256 omnipotente
980 2189 1034 2240 deo.
1075 2184 1140 2238 Circ.
1159 2185 1202 2238 fin.
1227 2188 1322 2239 durare

223 2293 238 2328 c
256 2277 351 2330 donari
355 2313 364 2344 ,
384 2282 435 2325 tum
452 2275 768 2392 potuirsu'plp'qeqiesot
785 2283 887 2326 enatum
906 2284 946 2326 est
965 2275 989 2325 in
1011 2273 1058 2326 tta.

292 2399 316 2462 §.
335 2395 379 2463 88,
402 2399 423 2448 i.
443 2399 515 2450 Licet
534 2395 581 2460 W,
620 2399 680 2450 iicet
699 2394 770 2461 (,‚vel
789 2397 923 2465 ἥψαθ’-ι
941 2413 960 2448 ι·.
981 2411 1013 2448 rn.
1033 2397 1171 2463 supersor.)
1192 2396 1243 2461 bin,
1262 2399 1323 2449 iicet

224 2488 300 2540 etium
319 2485 401 2536 ceteri
415 2481 538 2547 dionaeo,
558 2484 580 2536 si
600 2483 711 2550 excipies
725 2481 775 2549 bie,
794 2485 820 2535 iu
839 2499 890 2552 quo
910 2493 981 2536 recte
1000 2485 1117 2536 scribitur
1134 2487 1223 2553 liquot.
1258 2483 1323 2534 Dein

136 2561 140 2570 ’
223 2575 251 2626 id
267 2571 308 2624 bic
327 2571 390 2622 iiber
408 2570 440 2622 nb
460 2569 515 2622 eud.
531 2585 573 2634 tn,
592 2579 680 2637 utpote
700 2570 871 2634 inserendum,
891 2573 917 2623 in
935 2587 985 2640 ing.
1005 2569 1090 2622 bsbet.
1126 2568 1182 2622 Om.
1201 2569 1322 2625 uicus.

224 2660 301 2712 8--4.
321 2660 462 2713 bonertotb'
478 2687 505 2696 -
525 2661 641 2713 utilitate
667 2659 787 2711 exhibent
807 2659 845 2710 W.
866 2660 934 2712 Bebc
959 2668 984 2711 et
1003 2656 1130 2726 unctetg.
1165 2656 1203 2710 ito
1226 2666 1255 2710 et
1273 2657 1323 2722 bie,

224 2751 248 2801 in
268 2764 319 2820 quo
337 2749 449 2802 utilitate
467 2763 512 2814 per
531 2761 581 2798 rus.
604 2754 705 2798 enatum
725 2755 814 2800 estex
833 2749 954 2802 rutilitatb
992 2749 1017 2800 4.
1036 2757 1062 2804 et
1078 2761 1128 2797 ⁰¹¹¹·
1148 2746 1222 2797 codd·
1246 2746 1276 2796 W
1296 2754 1324 2795 et

225 2837 337 2888 Monucc.
357 2852 379 2886 c.
393 2835 433 2886 ed.
447 2835 549 2886 Anierb.
583 2832 641 2885 bion
658 2838 795 2904 pioriorue
813 2834 855 2887 dut
867 2833 907 2900 W,
926 2850 975 2886 nec
993 2834 1067 2886 uliter
1085 2835 1165 2901 primo
1184 2833 1323 2901 legebatur

224 2927 249 2976 in
271 2923 318 2976 bin.
355 2921 422 2974 luins
446 2940 527 2990 qnos,
554 2921 622 2989 quod
647 2923 724 2973 tucite
749 2924 897 2974 invexerunt
917 2922 1037 2988 Memini,
1066 2919 1268 2986 cunimundus,
1295 2924 1322 2972 in

225 3014 316 3063 ceteris
334 3018 418 3062 eutem
436 3007 508 3058 libris
526 3023 584 3060 mss.
605 3017 631 3060 et
649 3009 706 3061 edd.
725 3008 935 3062 antecedentibus
957 3017 1037 3060 exstat
1056 3027 1140 3078 quom.
1171 3007 1235 3060 Tum
1256 3025 1319 3062 cos-

225 3107 298 3167 perat
323 3097 417 3148 hebent
436 3093 475 3144 W.
501 3095 539 3146 bie
565 3104 591 3146 et
613 3094 665 3148 Buc
690 3096 869 3166 editionesqne
893 3096 958 3148 tted.
976 3097 1082 3148 Amerb.
1100 3095 1199 3150 Eresos.
1220 3095 1321 3158 Pistor..

226 3195 364 3258 acceperut
381 3183 469 3236 scribit
488 3184 537 3254 ttg.

296 3275 321 3339 §.
341 3271 390 3338 89,
411 3272 434 3324 1.
459 3275 535 3340 Quod
557 3287 595 3340 pr.
615 3270 662 3322 oia.
700 3269 761 3322 Tum
785 3273 858 3324 aiios
877 3270 917 3321 W.
951 3270 1017 3321 Dein
1036 3275 1148 3325 Ioannes
1174 3271 1233 3322 edd.
1254 3270 1320 3324 Med.

227 3358 621 3432 cosi.atque1tom.c.i¹inor.,
641 3362 773 3412 iohannes
793 3357 848 3408 iibri
869 3358 957 3424 scripti
976 3365 1001 3408 et
1020 3359 1101 3409 ceteri
1120 3358 1188 3422 editi,
1207 3371 1321 3414 curretur

225 3451 362 3520 praemittit
381 3449 429 3517 big.
467 3447 492 3498 2.
510 3464 563 3500 non
580 3449 668 3516 poscit
685 3443 732 3509 bb,
751 3461 803 3497 nort
823 3461 904 3512 porse
923 3442 954 3492 W
972 3451 998 3494 et
1016 3460 1052 3512 pr.
1070 3443 1116 3495 dia.
1153 3444 1177 3496 8.
1196 3448 1256 3499 Non
1275 3451 1322 3501 tibi
1410 3517 1411 3524 ἵ

226 3537 300 3605 iicet]
326 3535 362 3588 Itu
384 3536 423 3586 W.
444 3532 546 3602 Mobeig
570 3543 595 3586 et
613 3531 664 3585 Bne
685 3531 861 3599 editionesque
881 3527 935 3581 Cot.
955 3546 985 3581 nc
1004 3529 1086 3595 Med,
1113 3549 1166 3584 nort
1189 3535 1251 3586 licet
1275 3536 1322 3588 tibi

227 3625 308 3678 ceteri
324 3623 383 3674 libri
401 3623 486 3689 scripti
506 3631 532 3673 et
550 3621 619 3673 editi.
657 3607 733 3673 4-5.
752 3623 860 3688 diceret,
879 3623 1007 3673 inclinari
1019 3617 1062 3670 Ba.
1093 3617 1153 3670 Turn
1170 3623 1321 3676 adulatione

227 3711 278 3778 Bc,
305 3713 432 3766 inclinari
449 3715 521 3781 rupi,
541 3713 718 3780 propheticom
736 3711 919 3762 auctoritatem
938 3709 1086 3761 uduiotiorse
1102 3709 1242 3762 subiecere
1261 3709 1320 3762 edd.
1410 3717 1411 3720 ’

228 3810 286 3854 ente
304 3799 380 3852 bicor.
404 3812 500 3850 omues.
545 3797 569 3847 6.
596 3799 701 3854 Sciebat
726 3796 792 3847 idern
816 3795 884 3846 liber
908 3811 958 3846 om.
995 3793 1044 3846 Pro
1070 3798 1158 3870 utique
1180 3793 1218 3846 Bb
1243 3795 1320 3848 habet

228 3892 304 3944 euim.
341 3886 405 3938 Dein
423 3887 585 3938 sarriendum
605 3885 656 3952 (pr.
676 3883 847 3952 moriturum)
867 3887 997 3937 sittim
1016 3881 1065 3947 bia,
1084 3884 1248 3938 moriendum
1267 3886 1322 3937 eiii

189 4037 193 4047 Ι
228 3993 289 4030 esec
306 3975 382 4026 etiarn
401 3971 510 4040 bibcdeg
528 3981 553 4024 et
572 3969 619 4039 Bb,
638 3975 802 4027 morieridnm
820 3987 880 4025 erre
899 3970 942 4035 bii,
961 3973 1121 4023 moriturum
1138 3973 1193 4023 itti·
1209 3987 1270 4024 cere
1288 3969 1319 4021 W

229 4071 254 4113 et
274 4077 312 4130 pr.
326 4061 368 4112 Bc.
399 4057 479 4111 Recte
498 4059 539 4110 bic
556 4059 622 4113 liber
640 4077 655 4112 o
674 4075 727 4112 sec.
739 4075 772 4110 ns.
791 4063 950 4111 moriturum
968 4074 998 4110 oe
1016 4073 1077 4111 cose
1095 4058 1173 4126 idque
1190 4057 1320 4111 confirmat

229 4146 276 4210 Bn,
294 4163 342 4198 nec
360 4145 504 4212 discrepent
524 4145 584 4198 editi
604 4157 713 4214 excepto
733 4145 804 4210 Col„
823 4147 848 4197 in
868 4159 918 4214 quo
940 4151 1035 4197 exstet:
1053 4147 1143 4217 itaquo
1159 4150 1320 4202 moriturum

230 4237 312 4290 scirit
328 4250 359 4290 sc
377 4249 445 4289 esec.
481 4233 505 4286 i.
525 4237 636 4305 potuiit
655 4233 685 4285 W
705 4242 731 4286 et
747 4247 786 4304 pr.
804 4231 854 4286 bin.
