2966 4708
397 363 442 416 DE
461 361 598 418 oratoria
617 359 836 416 autieraotttttt
856 358 952 414 elaea
969 359 1011 414 111.
1190 359 1253 426 219

167 561 244 611 vero
266 545 412 630 praeferri
439 564 500 610 non
523 541 615 625 solet,
647 545 701 608 sed
732 545 917 608 honestatem
942 547 1037 627 sequi.
1082 547 1182 622 Qualis
1206 546 1259 610 fuit

167 659 325 736 loratino,
344 656 374 742 ¹)
407 660 457 741 qui
480 677 535 741 pro
559 660 666 741 pietate
690 675 746 719 nec
769 657 912 720 oilensam
934 660 1042 739 patris,
1077 677 1133 720 nee
1156 660 1258 721 salotis

56 815 60 824 ·
171 773 334 856 periculum
357 771 533 856 refugiebat.
578 772 677 847 Qualis
701 771 754 835 luit
775 772 966 851 Abimelecb‚
983 769 1015 855 ²)
1048 774 1099 854 qui
1121 789 1177 853 pro
1200 771 1259 834 iro-

171 887 282 969 spitalis
315 886 428 969 gratiae
458 883 564 949 oibciis
593 903 698 948 necem
727 885 826 966 potios
857 886 921 965 sui,
955 902 1040 965 quam
1063 884 1260 967 proditionem

169 998 310 1084 fugientis
333 1000 418 1061 amici
440 998 622 1063 subeundam
649 999 852 1064 arbitrabatur.

555 1237 729 1304 CAPUT
763 1235 873 1303 XXII.

169 1389 331 1442 Honestatem
358 1393 432 1443 amici
459 1408 535 1443 causa
560 1408 610 1444 uon
638 1392 819 1458 deserendam,
846 1393 868 1444 si
894 1399 979 1444 tamen
1005 1392 1128 1444 adversus
1155 1394 1261 1444 amicum

168 1479 338 1529 testimouium
356 1479 490 1531 dicendum
509 1479 601 1546 luerit,
629 1481 772 1531 cautionem
797 1480 974 1532 adhibendam.
1010 1479 1078 1531 inter
1096 1481 1189 1531 amicos
1208 1481 1261 1548 quia
1309 1515 1315 1522 -

169 1565 265 1618 moder
281 1567 307 1617 in
326 1565 463 1633 aperiendo
483 1576 606 1636 pectore,
628 1585 694 1638 quae
711 1571 872 1637 generositas
890 1570 915 1620 in
934 1569 1069 1636 patiendo,
1092 1571 1198 1636 quaein
1217 1583 1260 1619 ar-

168 1653 270 1723 guendo
289 1653 394 1706 libertae
411 1656 575 1725 requiratur?
611 1658 751 1709 Amicitiam
768 1659 888 1710 virtutum
907 1658 1037 1710 custodem
1056 1673 1129 1721 esre,
1149 1673 1196 1710 nec
1215 1655 1262 1706 nisi

169 1742 194 1792 in
217 1741 330 1793 similium
356 1758 451 1795 morum
478 1745 620 1796 hominibus
649 1747 764 1797 inveniri.
800 1744 914 1796 Eundem
940 1747 964 1796 in
989 1746 1147 1812 corripiendo
1176 1747 1262 1798 mitem

170 1837 245 1898 atque
263 1845 277 1880 a
296 1833 406 1898 propriis
426 1835 565 1884 commodis
583 1834 690 1885 alienam
709 1848 766 1884 esse
784 1842 920 1900 oportere;
939 1842 964 1882 et
982 1833 1040 1883 inde
1061 1849 1134 1900 quam
1153 1835 1201 1884 rari
1221 1833 1261 1884 di-

169 1915 262 1968 vitibus
287 1921 341 1969 veri
370 1919 459 1971 amici!
505 1920 604 1984 Quanta
633 1923 760 1972 amicitiae
788 1920 911 1989 dignitas;
938 1936 1004 1989 quae
1032 1936 1083 1989 quo
1108 1921 1200 1987 maior,
1230 1935 1262 1972 eo

171 2005 345 2058 detestabilior
369 2009 443 2060 amiei
467 2009 588 2076 perfidia,
615 2018 642 2060 ut
659 2009 736 2061 iudae
755 2018 832 2077 atque
856 2010 991 2060 amicorum
1010 2008 1055 2060 lob
1074 2009 1195 2078 exemplis
1213 2025 1261 2061 co·

646 2101 786 2169 gnoscitur.

262 2225 332 2292 126.
376 2227 454 2290 Nihil
484 2229 574 2311 igitur
606 2228 836 2310 praeferendum
866 2228 1012 2292 honestati
1020 2249 1030 2305 3
1061 2247 1138 2311 qnae
1165 2235 1263 2293 tameo

170 2359 209 2404 ne
232 2342 374 2405 amicitiae
396 2342 494 2405 studio
518 2349 736 2424 praetereatur,
772 2345 859 2406 etiam
879 2344 936 2406 hoe
958 2344 1102 2425 scriptura
1125 2343 1264 2406 admonet

172 2454 210 2517 de
231 2457 365 2518 amicitia.
410 2457 484 2522 Sunt
506 2459 583 2520 enim
606 2458 768 2540 pleraeque
790 2457 1032 2540 pbilosophorum
1056 2459 1261 2538 quaestiones:

169 2575 266 2633 utrum
300 2571 384 2632 amici
417 2590 506 2637 causa
533 2576 687 2656 quisquam
718 2580 821 2637 contra
852 2575 974 2655 patriam
1005 2576 1133 2654 sentire,
1166 2593 1263 2638 necne

170 2688 293 2767 debeat,
322 2695 354 2751 ut
376 2691 469 2753 amico
494 2689 638 2754 obediat?
670 2698 768 2753 utrum
799 2697 937 2771 oporteat
959 2696 991 2752 ut
1012 2690 1099 2753 iidem
1131 2691 1262 2771 deserat,

170 2802 239 2865 dum
261 2803 396 2886 indulget
418 2811 507 2887 atque
529 2804 652 2868 intendit
674 2806 759 2867 amici
786 2805 1066 2869 commoditatibus?

262 2913 332 2980 127.
377 2918 414 2981 Et
443 2920 588 3001 scriptura
619 2919 736 3000 quidem
766 2921 819 2981 ait:
837 2915 869 3003 ³)
900 2919 1000 2982 Cleua
1030 2929 1059 2982 et
1085 2921 1211 3000 gladius
1234 2927 1264 2982 et

170 3032 287 3111 capitia
305 3030 449 3110 serrata,
484 3035 642 3096 sichomo
666 3041 713 3095 eat
735 3035 942 3096 testimonium
965 3035 1043 3096 darre
1064 3034 1180 3113 salsum
1202 3035 1262 3096 ad-

170 3165 279 3210 uersus
310 3147 441 3208 emicem
470 3165 567 3210 suum.
618 3147 678 3213 Sed
712 3148 869 3210 considera
899 3147 969 3230 quid
1003 3148 1144 3211 adstruat.
1195 3149 1263 3213 Non

171 3261 368 3324 testimonium
399 3260 590 3343 reprehendit
617 3261 725 3324 dictum
748 3261 777 3324 in
801 3262 942 3340 amioum,
972 3262 1027 3324 sed
1050 3261 1152 3326 laisum
1176 3265 1263 3326 testi·

171 3376 308 3439 monium.
354 3373 430 3451 Ouid
461 3377 538 3438 enim
568 3377 592 3439 si
623 3376 670 3438 dei
699 3393 805 3456 causa,
840 3375 909 3459 quid
941 3378 967 3438 si
995 3377 1108 3458 patriae
1137 3383 1263 3458 cogatur

171 3490 276 3571 aliquis
311 3491 413 3552 dicere
447 3491 671 3554 testimonium?
714 3492 861 3573 Numquid
897 3491 1139 3574 praeponderare
1174 3490 1264 3553 debet

171 3605 296 3668 amicitia
318 3605 467 3688 religioni,
490 3606 730 3687 praeponderare
753 3607 866 3669 caritati
886 3605 1021 3669 civium?
1058 3605 1090 3668 ln
1106 3605 1150 3666 his
1166 3611 1263 3668 tamen

172 3720 243 3800 ipsis
274 3719 451 3801 requirenda
477 3727 523 3783 est
546 3722 654 3784 veritas
684 3723 861 3802 testimonii,
896 3741 935 3786 ne
967 3722 1078 3784 amicus
1110 3720 1264 3804 adpetatur

173 3831 258 3892 amici
278 3832 417 3913 pertidia,
440 3834 524 3896 cuius
548 3833 607 3896 fide
623 3834 737 3915 absolvi
760 3834 874 3898 debeat.
913 3834 1034 3898 doricus
1051 3837 1149 3917 itaque
1164 3829 1263 3917 neque

174 3943 265 4006 noxio
288 3945 448 4028 gratificari
470 3943 578 4025 debet,
601 3964 698 4026 neque
722 3946 872 4010 innocenii
894 3947 1034 4009 insidiari.

177 4095 378 4106 m*-

244 4183 271 4252 1)
290 4185 313 4241 1.
332 4185 395 4257 lieg.
414 4185 456 4253 20,
475 4183 508 4246 29
526 4201 580 4255 aeq.
639 4186 667 4253 2)
688 4185 711 4240 1.
730 4186 793 4258 lieg.
814 4187 846 4242 at
868 4195 893 4242 et
911 4188 953 4243 22.
1013 4187 1136 4259 ³)1’ror.
1155 4189 1199 4269 25,¹
1221 4189 1264 4252 ta,
