2932 4700
230 355 285 426 ‘ps
684 356 885 413 s.ananosn

241 537 310 584 osca
338 520 490 582 bominem
519 519 635 596 rotam,
665 518 825 596 faciamos
855 521 885 582 at
915 518 1109 582 adiutorium
1137 517 1239 582 simile
1264 517 1337 582 sttt.

240 633 288 699 Ad
310 634 509 700 adiumentum
540 651 616 717 ergo
645 633 754 696 mulier
785 633 851 698 data
875 640 921 698 est
943 633 1028 713 viro,
1060 650 1137 716 quae
1168 637 1339 717 generaret,

239 757 272 814 ut
294 751 382 814 homo
413 749 526 814 homini
555 747 724 812 adiumento
756 747 843 812 loret.
889 749 1026 830 Denique
1052 756 1209 828 antequam
1233 745 1339 809 mulier

237 860 436 941 formaretur,
459 860 576 942 ‚dictum
606 867 653 924 est
683 860 720 923 de
748 859 858 924 Adam:
877 856 908 944 ¹)
938 861 1007 924 Non
1029 870 1077 923 cst
1107 861 1253 923 inventos
1278 861 1337 921 od-

238 975 325 1038 tator
356 974 471 1038 similis
503 974 569 1045 tttt;
601 971 799 1036 adiumentum
830 973 909 1034 enim
941 971 1030 1034 homo
1062 972 1120 1034 nisi
1151 970 1189 1032 de
1219 970 1338 1034 bomine

238 1089 351 1154 habere
373 1106 434 1150 non
466 1091 591 1169 poterat
634 1085 682 1148 Ex
713 1086 850 1149 omnibus
879 1087 970 1168 igitur
999 1085 1195 1148 animantibus
1226 1085 1338 1147 nullum

239 1201 345 1265 animal
368 1200 463 1264 simile
486 1208 535 1279 et,
558 1205 589 1263 ut
612 1199 748 1263 absolute
771 1198 920 1279 dieamus,
943 1200 1042 1262 nullus
1066 1198 1185 1262 adiutor
1209 1197 1337 1261 hominis

238 1314 375 1377 inventus
399 1319 462 1389 est3
484 1311 636 1376 muliebris
660 1313 751 1394 igitur
773 1329 865 1374 senus
889 1311 1006 1375 adiutor
1030 1312 1269 1393 exspectabatur.

329 1422 398 1490 135.
443 1425 526 1508 Ergo
556 1424 719 1488 secundum
742 1424 791 1487 dei
813 1425 997 1488 voluntatem
1020 1425 1069 1487 vel
1091 1431 1217 1488 naturae
1240 1442 1338 1504 copu-

199 1615 217 1642 l
239 1537 298 1601 lam
319 1539 448 1601 invicem
470 1539 556 1601 nobis
575 1555 645 1602 essa
664 1538 775 1600 auxilio
799 1538 952 1617 debemus
976 1545 1094 1600 certare
1117 1537 1234 1617 ollioiis,
1256 1537 1338 1600 uelut

238 1653 269 1715 in
291 1653 389 1716 medio
415 1669 519 1716 omnes
542 1653 681 1715 utilitates
704 1670 819 1733 ponere
843 1659 890 1731 et,
912 1659 944 1715 ut
966 1653 1060 1716 verbo
1080 1653 1245 1734 scripturae
1261 1659 1337 1731 utar,

237 1763 438 1829 adiumentum
460 1763 542 1826 ferre
565 1764 640 1827 alter
662 1764 819 1826 alteri'vel
841 1763 956 1844 studio,
987 1765 1037 1828 vel
1060 1765 1176 1846 officio,
1207 1765 1257 1829 vel
1278 1783 1338 1847 pe·

238 1879 342 1958 cunia,
374 1878 423 1940 vel
446 1878 606 1960 operibus,
637 1857 684 1940 vel
708 1879 841 1958 quolibet
864 1879 969 1958 modo,
1001 1886 1032 1940 ut
1054 1880 1132 1942 inter
1154 1897 1211 1943 nos
1234 1878 1337 1942 socie-

237 1995 305 2056 tatis
337 1999 484 2076 augeatur
512 1993 617 2076 gratia.
662 1992 725 2055 Neo
758 1992 912 2073 quisquam
942 1993 978 2054 ab
1002 1993 1101 2056 olficio
1134 1994 1182 2055 vel
1212 1992 1337 2074 periculi

135 2161 138 2171 .
237 2114 354 2172 terrore
377 2113 558 2187 revocetur,
582 2106 635 2170 sed
659 2107 757 2170 omnia
780 2125 833 2170 sua
857 2106 944 2170 ducat
967 2107 1015 2170 vel
1038 2106 1164 2171 adversa
1187 2107 1236 2169 vel
1259 2124 1335 2188 pro·

236 2239 334 2304 spera.
387 2222 523 2302 Denique
561 2229 683 2284 sanctus
718 2221 841 2303 Moyses
875 2239 931 2303 pro
966 2221 1077 2302 populo
1111 2221 1226 2301 patriae
1259 2220 1337 2283 bella

235 2337 391 2416 suscipere
414 2337 517 2419 gravia
540 2353 602 2398 non
624 2334 843 2414 reformidavit,
867 2354 924 2397 nee
944 2335 1026 2416 regis
1046 2334 1245 2416 potentissimi
1269 2339 1335 2396 tre-

235 2447 362 2530 pridavit
390 2467 488 2527 arma,
523 2467 580 2510 neo
609 2449 783 2511 barbaricae
815 2450 992 2511 inmanitatis
1028 2449 1150 2530 expavit
1182 2446 1335 2527 ferociam,

235 2559 290 2624 sed
313 2561 420 2624 abiecit
443 2561 566 2623 salutem
589 2580 691 2641 suam,
714 2569 746 2625 ut
769 2563 848 2643 plebi
871 2562 1012 2626 redderet
1035 2563 1208 2626 libertatem.

325 2671 395 2738 136.
440 2673 567 2758 Magnus
590 2675 688 2755 itaque
711 2675 840 2739 iustitiae
862 2674 1019 2757 splendor,
1048 2695 1126 2757 quae
1148 2675 1213 2738 aliis
1235 2675 1334 2757 potius

234 2791 317 2866 nata,
341 2805 429 2867 mam
451 2787 508 2850 sibi
531 2787 770 2850 communitatem
793 2795 823 2851 et
845 2790 1018 2852 societatem
1050 2795 1181 2852 nostram
1205 2787 1333 2866 adiuvat,

236 2901 439 2964 excelsitatem
463 2906 553 2981 tenet,
577 2907 609 2964 ut
622 2919 680 2966 suo
697 2902 807 2966 iudicio
831 2905 929 2967 omnia
951 2903 1084 2968 subiecta
1105 2903 1222 2982 habeat,
1245 2920 1333 2984 opem

234 3012 299 3076 aliis
330 3012 423 3094 ierat,
452 3016 608 3096 pecuniam
638 3015 792 3097 conterat,
823 3017 920 3082 oliola
953 3036 1014 3081 non
1045 2996 1170 3096 abnuat,
1199 3015 1333 3098 pericula

234 3125 376 3206 suscipiat
398 3127 502 3190 aliena.
832 3201 834 3206 Ι

322 3236 393 3303 137.
440 3239 512 3313 Quis
535 3257 596 3304 non
620 3248 744 3323 cuperet
766 3241 842 3304 hanc
864 3243 982 3305 virtutis
1004 3259 1104 3304 arcem
1127 3248 1250 3320 tenere,
1274 3240 1332 3304 nisi

232 3352 325 3434 prima
355 3352 478 3415 avaritia
508 3354 670 3417 inlirmaret
698 3363 787 3436 atque
817 3355 984 3420 inflecteret
1012 3361 1109 3418 tantae
1139 3354 1257 3418 virtutis
1279 3353 1331 3417 vi-

232 3466 364 3549 gorem?
409 3464 526 3528 Etenim
548 3464 617 3529 dum
640 3483 755 3550 augere
782 3484 871 3547 opes,
902 3485 1051 3550 aggerare
1080 3467 1240 3547 pecunias,
1272 3483 1330 3528 oc·

226 3593 342 3659 ,oupare
366 3584 462 3641 terras
485 3579 730 3661 possessionibus
754 3580 897 3660 cupimus,
920 3588 1076 3662 praestare
1099 3579 1216 3658 divitiis,
1239 3579 1330 3642 iusti-

232 3690 291 3753 tiae
325 3690 449 3753 formam
483 3691 637 3770 exuimus,
675 3690 901 3754 beneficentiam
938 3710 1123 3756 communem
1161 3691 1328 3754 amittimus.

232 3802 392 3876 Quomodo
424 3805 503 3866 enim
535 3811 636 3886 potest
664 3805 760 3867 iustus
790 3821 859 3870 esse
889 3806 940 3886 qui
968 3805 1067 3868 studet
1095 3805 1214 3886 eripere
1243 3803 1331 3866 alteri

232 3914 313 3994 quod
335 3915 393 3978 sibi
416 3916 565 3996 quaerat?

231 4067 434 4080 βψ..-

304 4154 331 4222 1)
350 4154 442 4212 Ganos.
460 4157 487 4224 2,
504 4156 546 4212 2⁰.
