<?xml version="1.0" encoding="UTF-8"?>
<!DOCTYPE html PUBLIC "-//W3C//DTD XHTML 1.0 Transitional//EN"
    "http://www.w3.org/TR/xhtml1/DTD/xhtml1-transitional.dtd">
<html xmlns="http://www.w3.org/1999/xhtml" xml:lang="en" lang="en">
 <head>
  <title>
</title>
<meta http-equiv="Content-Type" content="text/html;charset=utf-8" />
  <meta name='ocr-system' content='tesseract 3.04.00' />
  <meta name='ocr-capabilities' content='ocr_page ocr_carea ocr_par ocr_line ocrx_word'/>
</head>
<body>
  <div class='ocr_page' id='page_1' title='image "./deofficiisminis01krabgoog_0114.png"; bbox 0 0 2976 4706; ppageno 0'>
   <div class='ocr_carea' id='block_1_1' title="bbox 431 333 1272 408">
    <p class='ocr_par' dir='ltr' id='par_1_1' title="bbox 431 333 1272 408">
     <span class='ocr_line' id='line_1_1' title="bbox 431 333 1272 408; baseline 0.018 -16"><span class='ocrx_word' id='word_1_1' title='bbox 431 335 477 392; x_wconf 85' lang='lat' dir='ltr'><strong>ult</strong></span> <span class='ocrx_word' id='word_1_2' title='bbox 496 335 632 392; x_wconf 75' lang='lat' dir='ltr'><strong>omens</strong></span> <span class='ocrx_word' id='word_1_3' title='bbox 651 333 877 394; x_wconf 79' lang='lat' dir='ltr'><strong>bttttstttotttttt</strong></span> <span class='ocrx_word' id='word_1_4' title='bbox 894 335 1027 392; x_wconf 75' lang='lat' dir='ltr'><strong>utam</strong></span> <span class='ocrx_word' id='word_1_5' title='bbox 1213 339 1272 408; x_wconf 84' lang='grc'><strong>101</strong></span> 
     </span>
    </p>
   </div>
   <div class='ocr_carea' id='block_1_2' title="bbox 189 494 1276 582">
    <p class='ocr_par' dir='ltr' id='par_1_2' title="bbox 189 494 1276 582">
     <span class='ocr_line' id='line_1_2' title="bbox 189 494 1276 582; baseline -0.002 -18"><span class='ocrx_word' id='word_1_6' title='bbox 189 506 219 564; x_wconf 90' lang='lat' dir='ltr'><strong>et</strong></span> <span class='ocrx_word' id='word_1_7' title='bbox 233 500 344 565; x_wconf 88' lang='lat' dir='ltr'><strong>acerbo</strong></span> <span class='ocrx_word' id='word_1_8' title='bbox 359 501 448 566; x_wconf 85' lang='lat' dir='ltr'><strong>busta</strong></span> <span class='ocrx_word' id='word_1_9' title='bbox 462 499 580 564; x_wconf 81' lang='lat' dir='ltr'><strong>revexit</strong></span> <span class='ocrx_word' id='word_1_10' title='bbox 602 498 788 582; x_wconf 86' lang='lat' dir='ltr'><strong>triumphum.</strong></span> <span class='ocrx_word' id='word_1_11' title='bbox 804 494 831 581; x_wconf 84' lang='lat'><strong>¹)</strong></span> <span class='ocrx_word' id='word_1_12' title='bbox 868 498 989 564; x_wconf 86' lang='lat' dir='ltr'><strong>lonatba</strong></span> <span class='ocrx_word' id='word_1_13' title='bbox 1012 497 1187 564; x_wconf 74' lang='lat' dir='ltr'>adulescens</span> <span class='ocrx_word' id='word_1_14' title='bbox 1209 498 1276 562; x_wconf 92' lang='lat' dir='ltr'><strong>vir-</strong></span> 
     </span>
    </p>
   </div>
   <div class='ocr_carea' id='block_1_3' title="bbox 184 611 1276 928">
    <p class='ocr_par' dir='ltr' id='par_1_3' title="bbox 184 611 1276 928">
     <span class='ocr_line' id='line_1_3' title="bbox 186 611 1276 699; baseline -0.006 -19"><span class='ocrx_word' id='word_1_15' title='bbox 186 623 276 680; x_wconf 90' lang='lat' dir='ltr'><strong>tutem</strong></span> <span class='ocrx_word' id='word_1_16' title='bbox 298 615 369 680; x_wconf 87' lang='lat' dir='ltr'><strong>lecit</strong></span> <span class='ocrx_word' id='word_1_17' title='bbox 390 619 419 680; x_wconf 94' lang='lat' dir='ltr'><strong>in</strong></span> <span class='ocrx_word' id='word_1_18' title='bbox 443 633 551 699; x_wconf 90' lang='lat' dir='ltr'><strong>magno</strong></span> <span class='ocrx_word' id='word_1_19' title='bbox 574 615 699 698; x_wconf 87' lang='lat' dir='ltr'><strong>proelio.</strong></span> <span class='ocrx_word' id='word_1_20' title='bbox 712 611 744 699; x_wconf 80' lang='lat'><strong>²)</strong></span> <span class='ocrx_word' id='word_1_21' title='bbox 789 613 867 690; x_wconf 81' lang='lat' dir='ltr'><strong>Ouid</strong></span> <span class='ocrx_word' id='word_1_22' title='bbox 883 614 921 678; x_wconf 88' lang='lat' dir='ltr'><strong>de</strong></span> <span class='ocrx_word' id='word_1_23' title='bbox 935 612 1119 678; x_wconf 89' lang='lat' dir='ltr'><strong>blaccabaeis</strong></span> <span class='ocrx_word' id='word_1_24' title='bbox 1141 612 1276 694; x_wconf 85' lang='lat' dir='ltr'><strong>loquar?</strong></span> 
     </span>
     <span class='ocr_line' id='line_1_4' title="bbox 275 724 1275 811; baseline -0.002 -20"><span class='ocrx_word' id='word_1_25' title='bbox 275 724 345 793; x_wconf 81' lang='lat'>197.</span> <span class='ocrx_word' id='word_1_26' title='bbox 390 729 449 796; x_wconf 89' lang='lat' dir='ltr'><strong>Sed</strong></span> <span class='ocrx_word' id='word_1_27' title='bbox 464 729 546 811; x_wconf 87' lang='lat' dir='ltr'><strong>prius</strong></span> <span class='ocrx_word' id='word_1_28' title='bbox 563 728 601 790; x_wconf 82' lang='lat' dir='ltr'><strong>(le</strong></span> <span class='ocrx_word' id='word_1_29' title='bbox 615 727 726 810; x_wconf 87' lang='lat' dir='ltr'><strong>populo</strong></span> <span class='ocrx_word' id='word_1_30' title='bbox 748 726 843 790; x_wconf 90' lang='lat' dir='ltr'><strong>dicam</strong></span> <span class='ocrx_word' id='word_1_31' title='bbox 865 732 988 810; x_wconf 88' lang='lat' dir='ltr'><strong>patrum,</strong></span> <span class='ocrx_word' id='word_1_32' title='bbox 1012 725 1072 808; x_wconf 89' lang='lat' dir='ltr'><strong>qui,</strong></span> <span class='ocrx_word' id='word_1_33' title='bbox 1092 743 1158 788; x_wconf 90' lang='lat' dir='ltr'><strong>cum</strong></span> <span class='ocrx_word' id='word_1_34' title='bbox 1173 731 1275 789; x_wconf 90' lang='lat' dir='ltr'><strong>essent</strong></span> 
     </span>
     <span class='ocr_line' id='line_1_5' title="bbox 184 838 1274 928; baseline -0.006 -20"><span class='ocrx_word' id='word_1_35' title='bbox 184 842 276 926; x_wconf 89' lang='lat' dir='ltr'><strong>parati</strong></span> <span class='ocrx_word' id='word_1_36' title='bbox 299 842 335 906; x_wconf 92' lang='lat' dir='ltr'><strong>ad</strong></span> <span class='ocrx_word' id='word_1_37' title='bbox 357 841 583 928; x_wconf 90' lang='lat' dir='ltr'><strong>repugnandum</strong></span> <span class='ocrx_word' id='word_1_38' title='bbox 614 861 670 925; x_wconf 89' lang='lat' dir='ltr'><strong>pro</strong></span> <span class='ocrx_word' id='word_1_39' title='bbox 700 842 810 925; x_wconf 91' lang='lat' dir='ltr'><strong>templo</strong></span> <span class='ocrx_word' id='word_1_40' title='bbox 833 842 882 906; x_wconf 89' lang='lat' dir='ltr'><strong>dei</strong></span> <span class='ocrx_word' id='word_1_41' title='bbox 905 849 935 906; x_wconf 89' lang='lat' dir='ltr'><strong>et</strong></span> <span class='ocrx_word' id='word_1_42' title='bbox 955 859 1010 924; x_wconf 91' lang='lat' dir='ltr'><strong>pro</strong></span> <span class='ocrx_word' id='word_1_43' title='bbox 1032 838 1170 924; x_wconf 77' lang='lat' dir='ltr'><strong>legitimis</strong></span> <span class='ocrx_word' id='word_1_44' title='bbox 1201 839 1274 920; x_wconf 91' lang='lat' dir='ltr'><strong>suis,</strong></span> 
     </span>
    </p>
   </div>
   <div class='ocr_carea' id='block_1_4' title="bbox 83 952 1273 1037">
    <p class='ocr_par' dir='ltr' id='par_1_4' title="bbox 83 952 1273 1037">
     <span class='ocr_line' id='line_1_6' title="bbox 83 952 1273 1037; baseline -0.002 -17"><span class='ocrx_word' id='word_1_45' title='bbox 83 968 85 970; x_wconf 80' lang='grc'><em>·</em></span> <span class='ocrx_word' id='word_1_46' title='bbox 184 955 254 1022; x_wconf 94' lang='lat' dir='ltr'><strong>dolo</strong></span> <span class='ocrx_word' id='word_1_47' title='bbox 269 956 398 1021; x_wconf 89' lang='lat' dir='ltr'><strong>bostium</strong></span> <span class='ocrx_word' id='word_1_48' title='bbox 413 957 462 1021; x_wconf 89' lang='lat' dir='ltr'><strong>dio</strong></span> <span class='ocrx_word' id='word_1_49' title='bbox 484 957 613 1020; x_wconf 89' lang='lat' dir='ltr'><strong>lacessiti</strong></span> <span class='ocrx_word' id='word_1_50' title='bbox 632 958 756 1037; x_wconf 88' lang='lat' dir='ltr'><strong>sabbati,</strong></span> <span class='ocrx_word' id='word_1_51' title='bbox 778 957 944 1020; x_wconf 89' lang='lat' dir='ltr'><strong>maluerunt</strong></span> <span class='ocrx_word' id='word_1_52' title='bbox 967 954 1141 1018; x_wconf 87' lang='lat' dir='ltr'><strong>vulneribus</strong></span> <span class='ocrx_word' id='word_1_53' title='bbox 1163 952 1273 1018; x_wconf 82' lang='lat' dir='ltr'><strong>offerre</strong></span> 
     </span>
    </p>
   </div>
   <div class='ocr_carea' id='block_1_5' title="bbox 122 1062 1273 3895">
    <p class='ocr_par' dir='ltr' id='par_1_5' title="bbox 122 1062 1273 2064">
     <span class='ocr_line' id='line_1_7' title="bbox 183 1062 1273 1155; baseline -0.005 -21"><span class='ocrx_word' id='word_1_54' title='bbox 183 1070 261 1135; x_wconf 90' lang='lat' dir='ltr'><strong>nuda</strong></span> <span class='ocrx_word' id='word_1_55' title='bbox 283 1087 430 1154; x_wconf 91' lang='lat' dir='ltr'><strong>corpora,</strong></span> <span class='ocrx_word' id='word_1_56' title='bbox 462 1089 549 1153; x_wconf 90' lang='lat' dir='ltr'><strong>qnam</strong></span> <span class='ocrx_word' id='word_1_57' title='bbox 578 1089 765 1155; x_wconf 91' lang='lat' dir='ltr'><strong>repugnare,</strong></span> <span class='ocrx_word' id='word_1_58' title='bbox 806 1091 845 1135; x_wconf 89' lang='lat' dir='ltr'><strong>na</strong></span> <span class='ocrx_word' id='word_1_59' title='bbox 878 1072 1025 1136; x_wconf 80' lang='lat' dir='ltr'><strong>violarent</strong></span> <span class='ocrx_word' id='word_1_60' title='bbox 1057 1067 1216 1132; x_wconf 87' lang='lat' dir='ltr'><strong>sabbatum.</strong></span> <span class='ocrx_word' id='word_1_61' title='bbox 1239 1062 1273 1150; x_wconf 82' lang='lat'><strong>³)</strong></span> 
     </span>
     <span class='ocr_line' id='line_1_8' title="bbox 181 1183 1271 1268; baseline -0.006 -18"><span class='ocrx_word' id='word_1_62' title='bbox 181 1185 284 1266; x_wconf 90' lang='lat' dir='ltr'><strong>ltaque</strong></span> <span class='ocrx_word' id='word_1_63' title='bbox 308 1203 412 1250; x_wconf 90' lang='lat' dir='ltr'><strong>omnes</strong></span> <span class='ocrx_word' id='word_1_64' title='bbox 435 1186 503 1250; x_wconf 87' lang='lat' dir='ltr'><strong>laeti</strong></span> <span class='ocrx_word' id='word_1_65' title='bbox 526 1203 561 1248; x_wconf 92' lang='lat' dir='ltr'><strong>se</strong></span> <span class='ocrx_word' id='word_1_66' title='bbox 584 1187 753 1268; x_wconf 78' lang='lat' dir='ltr'><strong>optulerunt</strong></span> <span class='ocrx_word' id='word_1_67' title='bbox 782 1186 877 1250; x_wconf 92' lang='lat' dir='ltr'><strong>morti.</strong></span> <span class='ocrx_word' id='word_1_68' title='bbox 923 1185 983 1251; x_wconf 89' lang='lat' dir='ltr'><strong>Sed</strong></span> <span class='ocrx_word' id='word_1_69' title='bbox 1004 1183 1173 1249; x_wconf 90' lang='lat' dir='ltr'><strong>blaccabaei</strong></span> <span class='ocrx_word' id='word_1_70' title='bbox 1195 1199 1271 1245; x_wconf 92' lang='lat' dir='ltr'><strong>con-</strong></span> 
     </span>
     <span class='ocr_line' id='line_1_9' title="bbox 181 1295 1271 1381; baseline 0 -22"><span class='ocrx_word' id='word_1_71' title='bbox 181 1295 348 1360; x_wconf 89' lang='lat' dir='ltr'><strong>siderantes</strong></span> <span class='ocrx_word' id='word_1_72' title='bbox 374 1296 453 1378; x_wconf 92' lang='lat' dir='ltr'><strong>qnod</strong></span> <span class='ocrx_word' id='word_1_73' title='bbox 476 1297 534 1362; x_wconf 91' lang='lat' dir='ltr'><strong>boc</strong></span> <span class='ocrx_word' id='word_1_74' title='bbox 557 1296 694 1379; x_wconf 86' lang='lat' dir='ltr'><strong>exemplo</strong></span> <span class='ocrx_word' id='word_1_75' title='bbox 717 1315 794 1381; x_wconf 90' lang='lat' dir='ltr'><strong>gens</strong></span> <span class='ocrx_word' id='word_1_76' title='bbox 817 1298 912 1362; x_wconf 91' lang='lat' dir='ltr'><strong>omnis</strong></span> <span class='ocrx_word' id='word_1_77' title='bbox 933 1304 1037 1380; x_wconf 90' lang='lat' dir='ltr'><strong>posset</strong></span> <span class='ocrx_word' id='word_1_78' title='bbox 1059 1298 1175 1380; x_wconf 89' lang='lat' dir='ltr'><strong>perire,</strong></span> <span class='ocrx_word' id='word_1_79' title='bbox 1197 1297 1271 1360; x_wconf 92' lang='lat' dir='ltr'><strong>sab-</strong></span> 
     </span>
     <span class='ocr_line' id='line_1_10' title="bbox 181 1410 1270 1493; baseline -0.002 -20"><span class='ocrx_word' id='word_1_80' title='bbox 181 1410 249 1473; x_wconf 90' lang='lat' dir='ltr'><strong>bato</strong></span> <span class='ocrx_word' id='word_1_81' title='bbox 272 1411 377 1490; x_wconf 90' lang='lat' dir='ltr'><strong>etiam,</strong></span> <span class='ocrx_word' id='word_1_82' title='bbox 408 1429 474 1475; x_wconf 91' lang='lat' dir='ltr'><strong>cum</strong></span> <span class='ocrx_word' id='word_1_83' title='bbox 497 1412 553 1492; x_wconf 92' lang='lat' dir='ltr'><strong>ipsi</strong></span> <span class='ocrx_word' id='word_1_84' title='bbox 575 1412 606 1475; x_wconf 92' lang='lat' dir='ltr'><strong>in</strong></span> <span class='ocrx_word' id='word_1_85' title='bbox 628 1410 737 1474; x_wconf 91' lang='lat' dir='ltr'><strong>bellum</strong></span> <span class='ocrx_word' id='word_1_86' title='bbox 769 1417 1023 1493; x_wconf 82' lang='lat' dir='ltr'><strong>provocarentur,</strong></span> <span class='ocrx_word' id='word_1_87' title='bbox 1055 1410 1108 1473; x_wconf 89' lang='lat' dir='ltr'><strong>ulti</strong></span> <span class='ocrx_word' id='word_1_88' title='bbox 1129 1416 1197 1474; x_wconf 90' lang='lat' dir='ltr'><strong>sunt</strong></span> <span class='ocrx_word' id='word_1_89' title='bbox 1219 1410 1270 1472; x_wconf 93' lang='lat' dir='ltr'><strong>in-</strong></span> 
     </span>
     <span class='ocr_line' id='line_1_11' title="bbox 180 1523 1269 1607; baseline 0 -21"><span class='ocrx_word' id='word_1_90' title='bbox 180 1524 350 1590; x_wconf 89' lang='lat' dir='ltr'><strong>nocentium</strong></span> <span class='ocrx_word' id='word_1_91' title='bbox 383 1543 488 1588; x_wconf 92' lang='lat' dir='ltr'><strong>necem</strong></span> <span class='ocrx_word' id='word_1_92' title='bbox 522 1524 646 1588; x_wconf 81' lang='lat' dir='ltr'><strong>fratrum</strong></span> <span class='ocrx_word' id='word_1_93' title='bbox 679 1543 810 1590; x_wconf 91' lang='lat' dir='ltr'><strong>suorum.</strong></span> <span class='ocrx_word' id='word_1_94' title='bbox 857 1523 939 1588; x_wconf 89' lang='lat' dir='ltr'><strong>Unde</strong></span> <span class='ocrx_word' id='word_1_95' title='bbox 971 1531 1076 1607; x_wconf 90' lang='lat' dir='ltr'><strong>postea</strong></span> <span class='ocrx_word' id='word_1_96' title='bbox 1107 1525 1269 1588; x_wconf 91' lang='lat' dir='ltr'><strong>stimulatus</strong></span> 
     </span>
     <span class='ocr_line' id='line_1_12' title="bbox 179 1637 1268 1723; baseline 0.002 -23"><span class='ocrx_word' id='word_1_97' title='bbox 179 1655 236 1700; x_wconf 81' lang='lat' dir='ltr'><strong>rex</strong></span> <span class='ocrx_word' id='word_1_98' title='bbox 258 1637 440 1719; x_wconf 85' lang='lat' dir='ltr'><strong>Antiochus,</strong></span> <span class='ocrx_word' id='word_1_99' title='bbox 470 1657 535 1702; x_wconf 93' lang='lat' dir='ltr'><strong>cum</strong></span> <span class='ocrx_word' id='word_1_100' title='bbox 565 1639 674 1703; x_wconf 91' lang='lat' dir='ltr'><strong>bellum</strong></span> <span class='ocrx_word' id='word_1_101' title='bbox 706 1638 884 1703; x_wconf 91' lang='lat' dir='ltr'><strong>accenderet</strong></span> <span class='ocrx_word' id='word_1_102' title='bbox 912 1657 967 1722; x_wconf 89' lang='lat' dir='ltr'><strong>per</strong></span> <span class='ocrx_word' id='word_1_103' title='bbox 998 1639 1089 1703; x_wconf 88' lang='lat' dir='ltr'><strong>duces</strong></span> <span class='ocrx_word' id='word_1_104' title='bbox 1111 1656 1183 1703; x_wconf 90' lang='lat' dir='ltr'><strong>suos</strong></span> <span class='ocrx_word' id='word_1_105' title='bbox 1204 1640 1268 1723; x_wconf 78' lang='lat' dir='ltr'><strong>Ly-</strong></span> 
     </span>
     <span class='ocr_line' id='line_1_13' title="bbox 179 1751 1267 1846; baseline 0.004 -33"><span class='ocrx_word' id='word_1_106' title='bbox 179 1751 269 1831; x_wconf 90' lang='lat' dir='ltr'><strong>siam,</strong></span> <span class='ocrx_word' id='word_1_107' title='bbox 291 1751 487 1832; x_wconf 80' lang='lat' dir='ltr'><strong>Nicanorem,</strong></span> <span class='ocrx_word' id='word_1_108' title='bbox 517 1751 674 1836; x_wconf 88' lang='lat' dir='ltr'><strong>Gorgiam,</strong></span> <span class='ocrx_word' id='word_1_109' title='bbox 705 1755 743 1817; x_wconf 92' lang='lat' dir='ltr'><strong>ita</strong></span> <span class='ocrx_word' id='word_1_110' title='bbox 758 1772 831 1846; x_wconf 37' lang='lat' dir='ltr'><strong>‚cum</strong></span> <span class='ocrx_word' id='word_1_111' title='bbox 855 1754 1045 1818; x_wconf 79' lang='lat' dir='ltr'><strong>orientalibus</strong></span> <span class='ocrx_word' id='word_1_112' title='bbox 1067 1755 1129 1818; x_wconf 91' lang='lat' dir='ltr'><strong>suis</strong></span> <span class='ocrx_word' id='word_1_113' title='bbox 1153 1760 1182 1817; x_wconf 92' lang='lat' dir='ltr'><strong>et</strong></span> <span class='ocrx_word' id='word_1_114' title='bbox 1204 1753 1267 1817; x_wconf 85' lang='lat' dir='ltr'><strong>As-</strong></span> 
     </span>
     <span class='ocr_line' id='line_1_14' title="bbox 178 1865 1267 1950; baseline 0.003 -23"><span class='ocrx_word' id='word_1_115' title='bbox 178 1865 268 1947; x_wconf 85' lang='lat' dir='ltr'><strong>syriis</strong></span> <span class='ocrx_word' id='word_1_116' title='bbox 291 1865 403 1928; x_wconf 88' lang='lat' dir='ltr'><strong>attritus</strong></span> <span class='ocrx_word' id='word_1_117' title='bbox 427 1872 473 1928; x_wconf 86' lang='lat' dir='ltr'><strong>est</strong></span> <span class='ocrx_word' id='word_1_118' title='bbox 495 1867 604 1948; x_wconf 90' lang='lat' dir='ltr'><strong>copiis,</strong></span> <span class='ocrx_word' id='word_1_119' title='bbox 628 1873 660 1929; x_wconf 91' lang='lat' dir='ltr'><strong>nt</strong></span> <span class='ocrx_word' id='word_1_120' title='bbox 681 1865 874 1950; x_wconf 89' lang='lat' dir='ltr'><strong>quadraginta</strong></span> <span class='ocrx_word' id='word_1_121' title='bbox 890 1872 920 1928; x_wconf 90' lang='lat' dir='ltr'><strong>et</strong></span> <span class='ocrx_word' id='word_1_122' title='bbox 936 1872 1004 1930; x_wconf 92' lang='lat' dir='ltr'><strong>octo</strong></span> <span class='ocrx_word' id='word_1_123' title='bbox 1026 1867 1105 1930; x_wconf 92' lang='lat' dir='ltr'><strong>milia</strong></span> <span class='ocrx_word' id='word_1_124' title='bbox 1119 1868 1150 1930; x_wconf 91' lang='lat' dir='ltr'><strong>in</strong></span> <span class='ocrx_word' id='word_1_125' title='bbox 1168 1865 1267 1930; x_wconf 91' lang='lat' dir='ltr'><strong>medio</strong></span> 
     </span>
     <span class='ocr_line' id='line_1_15' title="bbox 122 1981 860 2064; baseline 0 -21"><span class='ocrx_word' id='word_1_126' title='bbox 122 2009 125 2034; x_wconf 53' lang='grc' dir='ltr'><strong>ι’</strong></span> <span class='ocrx_word' id='word_1_127' title='bbox 178 1981 272 2063; x_wconf 90' lang='lat' dir='ltr'><strong>campi</strong></span> <span class='ocrx_word' id='word_1_128' title='bbox 294 2001 311 2045; x_wconf 94' lang='lat' dir='ltr'><strong>a</strong></span> <span class='ocrx_word' id='word_1_129' title='bbox 334 1982 425 2044; x_wconf 90' lang='lat' dir='ltr'><strong>tribus</strong></span> <span class='ocrx_word' id='word_1_130' title='bbox 449 1983 564 2044; x_wconf 92' lang='lat' dir='ltr'><strong>milibus</strong></span> <span class='ocrx_word' id='word_1_131' title='bbox 590 1989 860 2064; x_wconf 82' lang='lat' dir='ltr'><strong>prosternerentur.</strong></span> 
     </span>
    </p>

    <p class='ocr_par' dir='ltr' id='par_1_6' title="bbox 169 2091 1264 3659">
     <span class='ocr_line' id='line_1_16' title="bbox 268 2091 1264 2174; baseline 0.003 -16"><span class='ocrx_word' id='word_1_132' title='bbox 268 2091 337 2159; x_wconf 83' lang='lat'>198.</span> <span class='ocrx_word' id='word_1_133' title='bbox 368 2095 526 2174; x_wconf 43' lang='lat' dir='ltr'><strong>⁸Virtutem</strong></span> <span class='ocrx_word' id='word_1_134' title='bbox 550 2096 632 2160; x_wconf 89' lang='lat' dir='ltr'><strong>ducis</strong></span> <span class='ocrx_word' id='word_1_135' title='bbox 655 2095 744 2160; x_wconf 88' lang='lat' dir='ltr'><strong>Iudae</strong></span> <span class='ocrx_word' id='word_1_136' title='bbox 765 2096 935 2160; x_wconf 90' lang='lat' dir='ltr'><strong>blaccabaoi</strong></span> <span class='ocrx_word' id='word_1_137' title='bbox 952 2096 990 2159; x_wconf 89' lang='lat' dir='ltr'><strong>de</strong></span> <span class='ocrx_word' id='word_1_138' title='bbox 1005 2112 1065 2158; x_wconf 93' lang='lat' dir='ltr'><strong>uno</strong></span> <span class='ocrx_word' id='word_1_139' title='bbox 1088 2095 1152 2160; x_wconf 90' lang='lat' dir='ltr'><strong>eius</strong></span> <span class='ocrx_word' id='word_1_140' title='bbox 1174 2096 1264 2161; x_wconf 92' lang='lat' dir='ltr'><strong>milite</strong></span> 
     </span>
     <span class='ocr_line' id='line_1_17' title="bbox 177 2205 1264 2293; baseline 0.006 -25"><span class='ocrx_word' id='word_1_141' title='bbox 177 2205 375 2270; x_wconf 83' lang='lat' dir='ltr'><strong>considerate.</strong></span> <span class='ocrx_word' id='word_1_142' title='bbox 412 2207 546 2289; x_wconf 90' lang='lat' dir='ltr'><strong>Namque</strong></span> <span class='ocrx_word' id='word_1_143' title='bbox 561 2208 720 2270; x_wconf 82' lang='lat' dir='ltr'><strong>Eleazarus</strong></span> <span class='ocrx_word' id='word_1_144' title='bbox 734 2205 766 2293; x_wconf 84' lang='lat'><strong>⁴)</strong></span> <span class='ocrx_word' id='word_1_145' title='bbox 791 2227 857 2272; x_wconf 93' lang='lat' dir='ltr'><strong>cum</strong></span> <span class='ocrx_word' id='word_1_146' title='bbox 872 2210 1141 2291; x_wconf 87' lang='lat' dir='ltr'><strong>supereminentem</strong></span> <span class='ocrx_word' id='word_1_147' title='bbox 1156 2211 1264 2274; x_wconf 88' lang='lat' dir='ltr'><strong>ceteris</strong></span> 
     </span>
     <span class='ocr_line' id='line_1_18' title="bbox 175 2320 1263 2406; baseline 0.006 -22"><span class='ocrx_word' id='word_1_148' title='bbox 175 2320 381 2403; x_wconf 85' lang='lat' dir='ltr'><strong>elephantum,</strong></span> <span class='ocrx_word' id='word_1_149' title='bbox 403 2320 495 2385; x_wconf 88' lang='lat' dir='ltr'><strong>lorica</strong></span> <span class='ocrx_word' id='word_1_150' title='bbox 515 2322 652 2384; x_wconf 90' lang='lat' dir='ltr'><strong>vestitum</strong></span> <span class='ocrx_word' id='word_1_151' title='bbox 672 2323 771 2404; x_wconf 86' lang='lat' dir='ltr'><strong>regia,</strong></span> <span class='ocrx_word' id='word_1_152' title='bbox 795 2321 982 2403; x_wconf 88' lang='lat' dir='ltr'><strong>adverteret,</strong></span> <span class='ocrx_word' id='word_1_153' title='bbox 1005 2323 1161 2387; x_wconf 88' lang='lat' dir='ltr'><strong>arbitratus</strong></span> <span class='ocrx_word' id='word_1_154' title='bbox 1184 2325 1263 2406; x_wconf 86' lang='lat' dir='ltr'><strong>quod</strong></span> 
     </span>
     <span class='ocr_line' id='line_1_19' title="bbox 174 2433 1264 2522; baseline 0.009 -28"><span class='ocrx_word' id='word_1_155' title='bbox 174 2433 205 2495; x_wconf 92' lang='lat' dir='ltr'><strong>in</strong></span> <span class='ocrx_word' id='word_1_156' title='bbox 228 2450 266 2496; x_wconf 93' lang='lat' dir='ltr'><strong>eo</strong></span> <span class='ocrx_word' id='word_1_157' title='bbox 288 2450 345 2496; x_wconf 86' lang='lat' dir='ltr'><strong>rex</strong></span> <span class='ocrx_word' id='word_1_158' title='bbox 368 2439 465 2512; x_wconf 89' lang='lat' dir='ltr'><strong>esset,</strong></span> <span class='ocrx_word' id='word_1_159' title='bbox 498 2450 587 2497; x_wconf 91' lang='lat' dir='ltr'><strong>cursu</strong></span> <span class='ocrx_word' id='word_1_160' title='bbox 618 2434 751 2497; x_wconf 91' lang='lat' dir='ltr'><strong>concitus</strong></span> <span class='ocrx_word' id='word_1_161' title='bbox 774 2435 804 2496; x_wconf 93' lang='lat' dir='ltr'><strong>in</strong></span> <span class='ocrx_word' id='word_1_162' title='bbox 827 2434 953 2499; x_wconf 90' lang='lat' dir='ltr'><strong>medinm</strong></span> <span class='ocrx_word' id='word_1_163' title='bbox 982 2436 1110 2519; x_wconf 81' lang='lat' dir='ltr'><strong>legionis</strong></span> <span class='ocrx_word' id='word_1_164' title='bbox 1132 2457 1166 2502; x_wconf 88' lang='lat' dir='ltr'><strong>se</strong></span> <span class='ocrx_word' id='word_1_165' title='bbox 1188 2457 1264 2522; x_wconf 92' lang='lat' dir='ltr'><strong>pro-</strong></span> 
     </span>
     <span class='ocr_line' id='line_1_20' title="bbox 173 2547 1263 2634; baseline 0.008 -24"><span class='ocrx_word' id='word_1_166' title='bbox 173 2547 263 2629; x_wconf 89' lang='lat' dir='ltr'><strong>ripuit</strong></span> <span class='ocrx_word' id='word_1_167' title='bbox 297 2553 327 2610; x_wconf 89' lang='lat' dir='ltr'><strong>et</strong></span> <span class='ocrx_word' id='word_1_168' title='bbox 360 2548 475 2611; x_wconf 90' lang='lat' dir='ltr'><strong>abiecto</strong></span> <span class='ocrx_word' id='word_1_169' title='bbox 506 2547 602 2629; x_wconf 90' lang='lat' dir='ltr'><strong>clipeo</strong></span> <span class='ocrx_word' id='word_1_170' title='bbox 634 2555 759 2630; x_wconf 92' lang='lat' dir='ltr'><strong>utraque</strong></span> <span class='ocrx_word' id='word_1_171' title='bbox 793 2568 880 2614; x_wconf 89' lang='lat' dir='ltr'><strong>mann</strong></span> <span class='ocrx_word' id='word_1_172' title='bbox 913 2551 1104 2617; x_wconf 88' lang='lat' dir='ltr'><strong>interficiebat</strong></span> <span class='ocrx_word' id='word_1_173' title='bbox 1131 2554 1263 2634; x_wconf 88' lang='lat' dir='ltr'><strong>bestiam,</strong></span> 
     </span>
     <span class='ocr_line' id='line_1_21' title="bbox 173 2661 1262 2748; baseline 0.008 -24"><span class='ocrx_word' id='word_1_174' title='bbox 173 2669 263 2743; x_wconf 89' lang='lat' dir='ltr'><strong>atque</strong></span> <span class='ocrx_word' id='word_1_175' title='bbox 285 2661 403 2724; x_wconf 87' lang='lat' dir='ltr'><strong>intravit</strong></span> <span class='ocrx_word' id='word_1_176' title='bbox 422 2661 477 2725; x_wconf 94' lang='lat' dir='ltr'><strong>snb</strong></span> <span class='ocrx_word' id='word_1_177' title='bbox 501 2681 565 2726; x_wconf 89' lang='lat' dir='ltr'><strong>eam</strong></span> <span class='ocrx_word' id='word_1_178' title='bbox 588 2669 618 2725; x_wconf 87' lang='lat' dir='ltr'><strong>et</strong></span> <span class='ocrx_word' id='word_1_179' title='bbox 640 2665 774 2727; x_wconf 88' lang='lat' dir='ltr'><strong>subiecto</strong></span> <span class='ocrx_word' id='word_1_180' title='bbox 800 2664 899 2748; x_wconf 92' lang='lat' dir='ltr'><strong>gladio</strong></span> <span class='ocrx_word' id='word_1_181' title='bbox 921 2667 1069 2730; x_wconf 89' lang='lat' dir='ltr'><strong>interemit</strong></span> <span class='ocrx_word' id='word_1_182' title='bbox 1090 2686 1163 2732; x_wconf 89' lang='lat' dir='ltr'><strong>eam.</strong></span> <span class='ocrx_word' id='word_1_183' title='bbox 1201 2669 1262 2733; x_wconf 90' lang='lat' dir='ltr'><strong>lta-</strong></span> 
     </span>
     <span class='ocr_line' id='line_1_22' title="bbox 174 2775 1259 2862; baseline 0.01 -24"><span class='ocrx_word' id='word_1_184' title='bbox 174 2793 232 2856; x_wconf 86' lang='lat' dir='ltr'><strong>que</strong></span> <span class='ocrx_word' id='word_1_185' title='bbox 255 2775 366 2838; x_wconf 90' lang='lat' dir='ltr'><strong>cadens</strong></span> <span class='ocrx_word' id='word_1_186' title='bbox 390 2775 483 2838; x_wconf 91' lang='lat' dir='ltr'><strong>bestia</strong></span> <span class='ocrx_word' id='word_1_187' title='bbox 507 2778 656 2857; x_wconf 88' lang='lat' dir='ltr'><strong>oppressit</strong></span> <span class='ocrx_word' id='word_1_188' title='bbox 671 2777 855 2859; x_wconf 89' lang='lat' dir='ltr'><strong>Eleazarum,</strong></span> <span class='ocrx_word' id='word_1_189' title='bbox 878 2786 966 2862; x_wconf 90' lang='lat' dir='ltr'><strong>atque</strong></span> <span class='ocrx_word' id='word_1_190' title='bbox 988 2783 1026 2844; x_wconf 91' lang='lat' dir='ltr'><strong>ita</strong></span> <span class='ocrx_word' id='word_1_191' title='bbox 1049 2790 1182 2848; x_wconf 86' lang='lat' dir='ltr'><strong>mortuus</strong></span> <span class='ocrx_word' id='word_1_192' title='bbox 1205 2791 1259 2850; x_wconf 90' lang='lat' dir='ltr'><strong>est.</strong></span> 
     </span>
     <span class='ocr_line' id='line_1_23' title="bbox 173 2871 1260 2979; baseline 0.014 -30"><span class='ocrx_word' id='word_1_193' title='bbox 173 2887 287 2962; x_wconf 78' lang='lat' dir='ltr'><strong>Quanta</strong></span> <span class='ocrx_word' id='word_1_194' title='bbox 319 2888 409 2970; x_wconf 86' lang='lat' dir='ltr'><strong>igitur</strong></span> <span class='ocrx_word' id='word_1_195' title='bbox 439 2888 533 2952; x_wconf 88' lang='lat' dir='ltr'><strong>virtus</strong></span> <span class='ocrx_word' id='word_1_196' title='bbox 564 2890 667 2970; x_wconf 90' lang='lat' dir='ltr'><strong>animi,</strong></span> <span class='ocrx_word' id='word_1_197' title='bbox 700 2892 812 2973; x_wconf 91' lang='lat' dir='ltr'><strong>primo,</strong></span> <span class='ocrx_word' id='word_1_198' title='bbox 845 2900 877 2956; x_wconf 89' lang='lat' dir='ltr'><strong>ut</strong></span> <span class='ocrx_word' id='word_1_199' title='bbox 898 2901 1022 2959; x_wconf 88' lang='lat' dir='ltr'><strong>mortem</strong></span> <span class='ocrx_word' id='word_1_200' title='bbox 1044 2914 1106 2960; x_wconf 90' lang='lat' dir='ltr'><strong>non</strong></span> <span class='ocrx_word' id='word_1_201' title='bbox 1127 2871 1260 2979; x_wconf 59' lang='lat' dir='ltr'><strong>timeret}</strong></span> 
     </span>
     <span class='ocr_line' id='line_1_24' title="bbox 173 2999 1260 3084; baseline 0.012 -21"><span class='ocrx_word' id='word_1_202' title='bbox 173 2999 298 3080; x_wconf 89' lang='lat' dir='ltr'><strong>deinde,</strong></span> <span class='ocrx_word' id='word_1_203' title='bbox 320 3007 352 3065; x_wconf 91' lang='lat' dir='ltr'><strong>ut</strong></span> <span class='ocrx_word' id='word_1_204' title='bbox 373 3000 568 3065; x_wconf 89' lang='lat' dir='ltr'><strong>circumfusus</strong></span> <span class='ocrx_word' id='word_1_205' title='bbox 590 3003 759 3084; x_wconf 82' lang='lat' dir='ltr'><strong>legionibus</strong></span> <span class='ocrx_word' id='word_1_206' title='bbox 781 3005 965 3070; x_wconf 91' lang='lat' dir='ltr'><strong>inimicorum</strong></span> <span class='ocrx_word' id='word_1_207' title='bbox 985 3009 1015 3070; x_wconf 94' lang='lat' dir='ltr'><strong>in</strong></span> <span class='ocrx_word' id='word_1_208' title='bbox 1036 3009 1187 3076; x_wconf 89' lang='lat' dir='ltr'><strong>confertos</strong></span> <span class='ocrx_word' id='word_1_209' title='bbox 1206 3030 1260 3076; x_wconf 87' lang='lat' dir='ltr'><strong>ra·</strong></span> 
     </span>
     <span class='ocr_line' id='line_1_25' title="bbox 171 3114 1259 3208; baseline 0.012 -31"><span class='ocrx_word' id='word_1_210' title='bbox 171 3121 294 3198; x_wconf 87' lang='lat' dir='ltr'><strong>peretur</strong></span> <span class='ocrx_word' id='word_1_211' title='bbox 315 3116 428 3195; x_wconf 88' lang='lat' dir='ltr'><strong>hostes,</strong></span> <span class='ocrx_word' id='word_1_212' title='bbox 450 3114 577 3178; x_wconf 91' lang='lat' dir='ltr'><strong>medium</strong></span> <span class='ocrx_word' id='word_1_213' title='bbox 601 3124 772 3199; x_wconf 86' lang='lat' dir='ltr'><strong>penetraret</strong></span> <span class='ocrx_word' id='word_1_214' title='bbox 795 3138 901 3202; x_wconf 82' lang='lat' dir='ltr'><strong>agmen</strong></span> <span class='ocrx_word' id='word_1_215' title='bbox 924 3129 954 3185; x_wconf 91' lang='lat' dir='ltr'><strong>et</strong></span> <span class='ocrx_word' id='word_1_216' title='bbox 974 3131 1140 3208; x_wconf 88' lang='lat' dir='ltr'><strong>contempta</strong></span> <span class='ocrx_word' id='word_1_217' title='bbox 1162 3135 1259 3192; x_wconf 89' lang='lat' dir='ltr'><strong>morte</strong></span> 
     </span>
     <span class='ocr_line' id='line_1_26' title="bbox 171 3228 1258 3313; baseline 0.013 -21"><span class='ocrx_word' id='word_1_218' title='bbox 171 3228 320 3309; x_wconf 88' lang='lat' dir='ltr'><strong>ferocior,</strong></span> <span class='ocrx_word' id='word_1_219' title='bbox 343 3228 460 3294; x_wconf 88' lang='lat' dir='ltr'><strong>abiecto</strong></span> <span class='ocrx_word' id='word_1_220' title='bbox 484 3230 597 3312; x_wconf 89' lang='lat' dir='ltr'><strong>clipeo,</strong></span> <span class='ocrx_word' id='word_1_221' title='bbox 620 3238 745 3313; x_wconf 89' lang='lat' dir='ltr'><strong>utraque</strong></span> <span class='ocrx_word' id='word_1_222' title='bbox 767 3253 855 3298; x_wconf 91' lang='lat' dir='ltr'><strong>manu</strong></span> <span class='ocrx_word' id='word_1_223' title='bbox 875 3236 1046 3302; x_wconf 88' lang='lat' dir='ltr'><strong>vulneratae</strong></span> <span class='ocrx_word' id='word_1_224' title='bbox 1069 3242 1177 3304; x_wconf 92' lang='lat' dir='ltr'><strong>molem</strong></span> <span class='ocrx_word' id='word_1_225' title='bbox 1199 3243 1258 3304; x_wconf 91' lang='lat' dir='ltr'><strong>be-</strong></span> 
     </span>
     <span class='ocr_line' id='line_1_27' title="bbox 171 3344 1257 3438; baseline 0.012 -30"><span class='ocrx_word' id='word_1_226' title='bbox 171 3344 246 3408; x_wconf 88' lang='lat' dir='ltr'><strong>stiae</strong></span> <span class='ocrx_word' id='word_1_227' title='bbox 267 3344 382 3408; x_wconf 90' lang='lat' dir='ltr'><strong>subiret</strong></span> <span class='ocrx_word' id='word_1_228' title='bbox 405 3362 440 3407; x_wconf 89' lang='lat' dir='ltr'><strong>ac</strong></span> <span class='ocrx_word' id='word_1_229' title='bbox 461 3347 638 3428; x_wconf 88' lang='lat' dir='ltr'><strong>sustineret,</strong></span> <span class='ocrx_word' id='word_1_230' title='bbox 667 3355 736 3430; x_wconf 94' lang='lat' dir='ltr'><strong>post</strong></span> <span class='ocrx_word' id='word_1_231' title='bbox 757 3350 832 3413; x_wconf 90' lang='lat' dir='ltr'><strong>intra</strong></span> <span class='ocrx_word' id='word_1_232' title='bbox 853 3350 946 3433; x_wconf 89' lang='lat' dir='ltr'><strong>ipsam</strong></span> <span class='ocrx_word' id='word_1_233' title='bbox 975 3354 1166 3434; x_wconf 88' lang='lat' dir='ltr'><strong>succederet,</strong></span> <span class='ocrx_word' id='word_1_234' title='bbox 1196 3375 1257 3438; x_wconf 93' lang='lat' dir='ltr'><strong>quo</strong></span> 
     </span>
     <span class='ocr_line' id='line_1_28' title="bbox 169 3457 1256 3553; baseline 0.01 -31"><span class='ocrx_word' id='word_1_235' title='bbox 169 3459 298 3542; x_wconf 92' lang='lat' dir='ltr'><strong>pleniori</strong></span> <span class='ocrx_word' id='word_1_236' title='bbox 320 3459 424 3522; x_wconf 85' lang='lat' dir='ltr'><strong>feriret</strong></span> <span class='ocrx_word' id='word_1_237' title='bbox 446 3457 522 3521; x_wconf 90' lang='lat' dir='ltr'><strong>ictnl</strong></span> <span class='ocrx_word' id='word_1_238' title='bbox 568 3458 657 3524; x_wconf 81' lang='lat' dir='ltr'><strong>Cuius</strong></span> <span class='ocrx_word' id='word_1_239' title='bbox 680 3461 765 3524; x_wconf 93' lang='lat' dir='ltr'><strong>ruina</strong></span> <span class='ocrx_word' id='word_1_240' title='bbox 790 3460 921 3526; x_wconf 89' lang='lat' dir='ltr'><strong>inclusus</strong></span> <span class='ocrx_word' id='word_1_241' title='bbox 944 3466 1055 3549; x_wconf 89' lang='lat' dir='ltr'><strong>magis,</strong></span> <span class='ocrx_word' id='word_1_242' title='bbox 1088 3485 1174 3549; x_wconf 92' lang='lat' dir='ltr'><strong>quam</strong></span> <span class='ocrx_word' id='word_1_243' title='bbox 1197 3487 1256 3553; x_wconf 91' lang='lat' dir='ltr'><strong>op-</strong></span> 
     </span>
     <span class='ocr_line' id='line_1_29' title="bbox 169 3575 774 3659; baseline 0 -21"><span class='ocrx_word' id='word_1_244' title='bbox 169 3591 292 3658; x_wconf 92' lang='lat' dir='ltr'><strong>pressus</strong></span> <span class='ocrx_word' id='word_1_245' title='bbox 317 3591 372 3638; x_wconf 92' lang='lat' dir='ltr'><strong>suo</strong></span> <span class='ocrx_word' id='word_1_246' title='bbox 396 3579 442 3637; x_wconf 91' lang='lat' dir='ltr'><strong>est</strong></span> <span class='ocrx_word' id='word_1_247' title='bbox 464 3575 596 3655; x_wconf 88' lang='lat' dir='ltr'><strong>sepultus</strong></span> <span class='ocrx_word' id='word_1_248' title='bbox 620 3577 774 3659; x_wconf 89' lang='lat' dir='ltr'><strong>triumpho.</strong></span> 
     </span>
    </p>

    <p class='ocr_par' dir='ltr' id='par_1_7' title="bbox 168 3685 1255 3895">
     <span class='ocr_line' id='line_1_30' title="bbox 257 3685 1255 3776; baseline 0.01 -24"><span class='ocrx_word' id='word_1_249' title='bbox 257 3685 328 3753; x_wconf 82' lang='lat'><strong>199.</strong></span> <span class='ocrx_word' id='word_1_250' title='bbox 371 3688 436 3752; x_wconf 88' lang='lat' dir='ltr'><strong>Nec</strong></span> <span class='ocrx_word' id='word_1_251' title='bbox 459 3687 563 3753; x_wconf 87' lang='lat' dir='ltr'><strong>fefellit</strong></span> <span class='ocrx_word' id='word_1_252' title='bbox 584 3692 685 3772; x_wconf 93' lang='lat' dir='ltr'><strong>opinio</strong></span> <span class='ocrx_word' id='word_1_253' title='bbox 707 3693 811 3772; x_wconf 91' lang='lat' dir='ltr'><strong>virum,</strong></span> <span class='ocrx_word' id='word_1_254' title='bbox 837 3692 970 3774; x_wconf 72' lang='lat' dir='ltr'><strong>quamvm</strong></span> <span class='ocrx_word' id='word_1_255' title='bbox 992 3694 1094 3776; x_wconf 91' lang='lat' dir='ltr'><strong>regius</strong></span> <span class='ocrx_word' id='word_1_256' title='bbox 1117 3694 1255 3763; x_wconf 79' lang='lat' dir='ltr'><strong>fefellerit</strong></span> 
     </span>
     <span class='ocr_line' id='line_1_31' title="bbox 168 3805 1253 3895; baseline 0.009 -27"><span class='ocrx_word' id='word_1_257' title='bbox 168 3805 295 3869; x_wconf 88' lang='lat' dir='ltr'><strong>habitus.</strong></span> <span class='ocrx_word' id='word_1_258' title='bbox 340 3805 434 3869; x_wconf 80' lang='lat' dir='ltr'><strong>Tanto</strong></span> <span class='ocrx_word' id='word_1_259' title='bbox 459 3805 536 3867; x_wconf 91' lang='lat' dir='ltr'><strong>enim</strong></span> <span class='ocrx_word' id='word_1_260' title='bbox 556 3806 669 3871; x_wconf 89' lang='lat' dir='ltr'><strong>virtutis</strong></span> <span class='ocrx_word' id='word_1_261' title='bbox 688 3807 857 3890; x_wconf 89' lang='lat' dir='ltr'><strong>spectaculo</strong></span> <span class='ocrx_word' id='word_1_262' title='bbox 877 3807 966 3873; x_wconf 83' lang='lat' dir='ltr'><strong>defixi</strong></span> <span class='ocrx_word' id='word_1_263' title='bbox 983 3807 1085 3874; x_wconf 90' lang='lat' dir='ltr'><strong>bostes</strong></span> <span class='ocrx_word' id='word_1_264' title='bbox 1103 3811 1253 3895; x_wconf 90' lang='lat' dir='ltr'><strong>inermem,</strong></span> 
     </span>
    </p>
   </div>
   <div class='ocr_carea' id='block_1_6' title="bbox 103 4079 1254 4242">
    <p class='ocr_par' dir='ltr' id='par_1_8' title="bbox 103 4079 1254 4242">
     <span class='ocr_line' id='line_1_32' title="bbox 241 4079 1254 4162; baseline 0.012 -30"><span class='ocrx_word' id='word_1_265' title='bbox 241 4079 269 4150; x_wconf 85' lang='grc'><strong>1)</strong></span> <span class='ocrx_word' id='word_1_266' title='bbox 287 4079 339 4133; x_wconf 80' lang='lat' dir='ltr'><strong>luel.</strong></span> <span class='ocrx_word' id='word_1_267' title='bbox 358 4097 380 4136; x_wconf 85' lang='lat' dir='ltr'><strong>c.</strong></span> <span class='ocrx_word' id='word_1_268' title='bbox 399 4081 424 4136; x_wconf 81' lang='grc'><strong>7.</strong></span> <span class='ocrx_word' id='word_1_269' title='bbox 495 4081 523 4149; x_wconf 83' lang='grc'><strong>2)</strong></span> <span class='ocrx_word' id='word_1_270' title='bbox 545 4083 567 4138; x_wconf 90' lang='grc'><strong>1.</strong></span> <span class='ocrx_word' id='word_1_271' title='bbox 583 4083 646 4155; x_wconf 80' lang='lat' dir='ltr'><strong>fleg.</strong></span> <span class='ocrx_word' id='word_1_272' title='bbox 662 4085 702 4154; x_wconf 84' lang='grc'><strong>14,</strong></span> <span class='ocrx_word' id='word_1_273' title='bbox 719 4085 731 4137; x_wconf 91' lang='grc'><strong>1</strong></span> <span class='ocrx_word' id='word_1_274' title='bbox 745 4101 816 4158; x_wconf 87' lang='lat' dir='ltr'><strong>seqq.</strong></span> <span class='ocrx_word' id='word_1_275' title='bbox 887 4089 915 4158; x_wconf 82' lang='lat'><strong>3)</strong></span> <span class='ocrx_word' id='word_1_276' title='bbox 937 4090 960 4145; x_wconf 88' lang='lat'><strong>1.</strong></span> <span class='ocrx_word' id='word_1_277' title='bbox 974 4089 1084 4144; x_wconf 88' lang='lat' dir='ltr'><strong>blaccab.</strong></span> <span class='ocrx_word' id='word_1_278' title='bbox 1098 4089 1124 4159; x_wconf 80' lang='lat'><strong>2,</strong></span> <span class='ocrx_word' id='word_1_279' title='bbox 1137 4089 1170 4144; x_wconf 80' lang='lat'><strong>³5</strong></span> <span class='ocrx_word' id='word_1_280' title='bbox 1183 4107 1254 4162; x_wconf 84' lang='lat' dir='ltr'><strong>seqq.</strong></span> 
     </span>
     <span class='ocr_line' id='line_1_33' title="bbox 103 4165 658 4242; baseline 0.011 -21"><span class='ocrx_word' id='word_1_281' title='bbox 103 4195 107 4204; x_wconf 40' lang='lat' dir='ltr'>x</span> <span class='ocrx_word' id='word_1_282' title='bbox 168 4169 198 4236; x_wconf 84' lang='grc'><strong>1)</strong></span> <span class='ocrx_word' id='word_1_283' title='bbox 218 4168 241 4223; x_wconf 91' lang='grc'><strong>1.</strong></span> <span class='ocrx_word' id='word_1_284' title='bbox 260 4169 372 4226; x_wconf 88' lang='lat' dir='ltr'><strong>blaccab.</strong></span> <span class='ocrx_word' id='word_1_285' title='bbox 402 4170 427 4239; x_wconf 88' lang='lat'><strong>6,</strong></span> <span class='ocrx_word' id='word_1_286' title='bbox 446 4170 481 4225; x_wconf 78' lang='lat'><strong>43</strong></span> <span class='ocrx_word' id='word_1_287' title='bbox 499 4186 569 4242; x_wconf 87' lang='lat' dir='ltr'><strong>seqq.</strong></span> <span class='ocrx_word' id='word_1_288' title='bbox 655 4165 658 4170; x_wconf 75' lang='grc'><strong>’</strong></span> 
     </span>
    </p>
   </div>
   <div class='ocr_carea' id='block_1_7' title="bbox 0 0 1492 4706">
    <p class='ocr_par' dir='ltr' id='par_1_9' title="bbox 0 0 1492 4706">
     <span class='ocr_line' id='line_1_34' title="bbox 0 0 1492 4706; baseline 0 8"><span class='ocrx_word' id='word_1_289' title='bbox 0 0 1492 4706; x_wconf 95' lang='lat' dir='ltr'><strong> </strong></span> 
     </span>
    </p>
   </div>
  </div>
 </body>
</html>
