2932 4700
217 362 258 430 ω
724 357 802 414 vrm

215 527 313 586 torem
335 520 507 602 epistulam,
533 521 601 602 quia
624 521 689 602 ipse
711 522 895 603 intempore
917 537 1080 584 excurrere
1101 537 1162 584 non
1184 524 1310 602 poterat,

217 653 274 716 qua
298 632 378 697 illum
400 635 556 715 convenit,
586 641 618 697 ut
640 634 686 714 id,
718 634 798 715 quod
830 634 867 697 ab
898 633 1003 698 eodem
1035 641 1174 698 statutum
1205 633 1310 711 luerat,

214 753 424 827 revocaretur,
456 748 632 829 servarique
655 748 711 812 sibi
734 747 847 811 debera
870 747 979 811 abillo
1003 745 1198 826 audientiam,
1231 745 1310 827 quia,

215 860 241 924 si
263 858 369 942 dignus
399 877 460 922 non
487 861 640 942 essetqui
664 860 774 924 abillo
799 859 964 938 audiretur,
998 858 1105 943 dignus
1135 859 1221 922 ctiam
1249 875 1311 921 non

216 980 298 1036 esset
319 974 369 1054 qui
392 992 447 1054 pro
470 973 519 1038 illo
543 993 560 1036 a
583 974 703 1038 domino
734 973 903 1053 audiretur,
932 972 982 1035 vel
1014 973 1062 1035 oui
1093 989 1163 1036 suas
1193 987 1310 1054 preces,

215 1087 263 1150 oui
295 1105 349 1152 sua
380 1094 449 1150 vota
482 1090 696 1166 committeret;
730 1070 872 1170 paratu'm·
896 1086 984 1149 etiam
1015 1103 1049 1149 se
1080 1102 1149 1149 esse
1178 1102 1233 1168 pro
1260 1085 1311 1148 tuli

216 1201 339 1284 nogotio
362 1208 488 1265 mortem
511 1204 629 1282 subire,
652 1221 691 1265 ne
714 1201 946 1266 dissimulatione
969 1202 1016 1264 sui
1037 1201 1310 1282 praevaricatorem

216 1314 328 1378 iaceret
357 1314 584 1397 imperatorem,
618 1315 669 1395 qui
691 1321 749 1377 tam
772 1315 879 1378 iniusta
903 1320 1006 1378 contra
1037 1312 1194 1376 ecclesiam
1216 1330 1310 1395 prae-

215 1431 353 1510 cepisset.

301 1537 351 1603 23.
397 1539 504 1601 Postea
526 1555 601 1600 vero
625 1557 711 1619 quam
733 1537 932 1600 Mediolanum
954 1554 1096 1602 reversus
1120 1545 1183 1619 est,
1211 1537 1310 1619 posito
1341 1551 1352 1576 ¹

214 1655 411 1736 imperatorex
425 1653 454 1713 in
486 1652 613 1715 ecclesia
642 1652 679 1715 de
711 1651 815 1715 eadem
848 1669 938 1714 causa
966 1654 1101 1716 tractavit
1131 1653 1160 1715 in
1189 1651 1309 1734 populo.

213 1770 246 1832 ln
269 1788 328 1850 quo
352 1774 478 1832 tractatu
507 1767 671 1831 introduxit
701 1767 811 1830 domini
840 1785 1000 1849 personam
1028 1767 1177 1849 loquentis
1210 1767 1309 1848 impe-

213 1884 323 1946 ratori:
356 1883 422 1962 Epo
447 1890 475 1944 te
498 1900 539 1942 eu
561 1881 669 1944 ultimo
699 1880 913 1960 imperatorem
941 1881 1023 1960 faoi,
1056 1899 1111 1960 epo
1136 1879 1192 1941 tibi
1215 1898 1309 1940 ercar-

215 1997 307 2061 oitum
329 1995 447 2058 inimici
471 1995 516 2056 tui
537 1994 671 2071 tradidi,
697 2012 752 2074 eqo
776 1993 832 2056 tibi
856 1994 984 2072 copias,
1015 2011 1094 2074 quas
1116 1993 1168 2055 illc
1192 1993 1309 2056 adoer-

213 2129 281 2173 sum
304 2117 332 2174 ta
355 2109 508 2173 emarcum
532 2128 590 2170 suo
612 2116 794 2186 parauerat,
819 2108 901 2185 dedi,
926 2127 981 2189 epo
1004 2108 1159 2170 inimicum
1174 2116 1259 2168 tuum
1278 2109 1312 2170 iu

210 2233 393 2305 potestatem
427 2234 510 2288 tuam
538 2223 660 2304 redepi,
696 2243 752 2304 epo
784 2224 822 2285 de
853 2223 968 2285 semiue
991 2229 1043 2286 tuo
1069 2241 1168 2302 supro
1195 2222 1310 2285 sodium

212 2341 302 2421 rapui
331 2341 497 2416 constitui,
528 2358 584 2419 epo
614 2347 643 2400 tc
668 2339 859 2416 triumphare
889 2337 958 2430 siue
988 2337 1096 2400 daborc
1117 2335 1197 2415 soci:
1226 2343 1256 2396 at
1278 2343 1310 2398 tu

214 2453 252 2513 de
275 2471 321 2514 ma
344 2452 478 2514 inimicis
500 2452 577 2512 meis
603 2451 704 2513 douae
731 2451 926 2530 triumphos?
971 2449 1024 2512 Cui
1055 2450 1249 2513 descendenti
1272 2449 1309 2512 de

213 2565 326 2629 exedra
350 2566 511 2645 imperator
534 2565 589 2626 ait:
616 2564 735 2627 Contra
751 2583 808 2627 uos
819 2563 1015 2644 proposuisti
1030 2565 1133 2641 bodie,
1157 2565 1308 2645 episcope.

213 2677 252 2741 At
274 2677 323 2738 ille
346 2675 512 2758 respondit,
539 2696 603 2739 nou
625 2696 658 2739 sc
682 2684 793 2738 contra
814 2677 923 2755 ipsum,
954 2677 1011 2738 sed
1029 2696 1091 2755 pro
1115 2678 1186 2757 ipso
1207 2677 1309 2757 saissa

213 2792 354 2854 locutum.
393 2790 475 2852 Turro
491 2791 668 2872 imperator:
692 2791 832 2868 Revera,
856 2791 966 2871 inquit,
991 2791 1068 2854 dura
1087 2812 1309 2872 praeceperam

214 2913 324 2968 anatra
340 2906 517 2986 episcopum
531 2906 568 2967 dc
583 2925 746 2988 epnaqopa
768 2905 967 2983 reparanda5
991 2906 1024 2966 iu
1047 2909 1213 2970 monachos
1235 2926 1309 2970 aero

213 3020 438 3083 uindicandum
469 3039 544 3084 csse.
589 3021 631 3083 lta
655 3027 685 3083 et
707 3041 722 3083 a
746 3021 919 3100 comitibus,
953 3021 1003 3102 qui
1033 3021 1062 3100 in
1093 3028 1227 3103 ternpore
1252 3021 1309 3086 ad-

214 3139 316 3212 erant,
340 3133 500 3196 dicebatur.
546 3135 659 3209 Quibus
683 3137 859 3216 opiscopus:
889 3136 955 3215 Epo
977 3136 1100 3217 quidem
1124 3157 1191 3198 cum
1213 3138 1308 3217 tmpe-

212 3256 319 3310 ratorc
342 3266 425 3310 nuuc
448 3267 524 3328 uqa,
555 3248 713 3312 uobiscum
734 3268 810 3312 aero
823 3243 825 3248 ’
840 3249 915 3311 milti
946 3251 1039 3312 aliter
1070 3252 1222 3332 apeudum
1254 3259 1309 3314 cst.

213 3361 313 3444 Atque
332 3363 370 3424 ita
394 3362 532 3442 obtinuit,
556 3369 587 3425 ut
608 3363 674 3443 illa,
697 3382 775 3445 quae
797 3369 902 3428 statuta
925 3364 1059 3444 lucrant,
1083 3371 1309 3446 revocarentur,

213 3494 271 3538 nec
293 3477 375 3557 prius
397 3476 434 3540 ad
456 3476 548 3539 altare
580 3477 726 3540 accedere
756 3479 866 3558 voluit,
898 3479 956 3540 nisi
978 3477 1036 3541 lide
1060 3498 1114 3542 sua
1147 3479 1309 3560 imperator

214 3590 294 3653 illum
317 3609 411 3674 agere
436 3591 548 3654 debere
571 3597 738 3654 testaretur.
785 3591 837 3655 Cui
861 3593 1037 3675 opiscopus:
1061 3593 1146 3674 Erpa
1170 3613 1228 3674 apo
1249 3594 1310 3674 lida

215 3712 277 3767 tuo.
322 3704 487 3787 Respondit
523 3707 699 3788 imperator:
739 3705 803 3786 Apa
831 3708 891 3788 fide
920 3727 997 3770 mea.
1043 3709 1107 3783 Qua
1145 3708 1309 3789 sponsione

214 3820 317 3883 iterata
341 3838 465 3886 securus
496 3823 641 3906 pergebat
674 3822 816 3886 sacerdos
847 3822 945 3884 divina
976 3822 1114 3905 mysteria
1146 3821 1309 3884 celebrare.

213 3935 295 3998 Haec
314 3939 412 3996 autem
435 3934 543 4015 scripta
567 3937 687 4000 suntin
711 3935 845 4018 epistula,
869 3933 1010 4014 quemad
1028 3951 1198 4016 germanam
1224 3951 1307 3997 suam

215 4048 301 4112 fecit:
333 4049 362 4110 in
392 4067 449 4128 qua
478 4056 630 4114 tractatum
664 4051 802 4130 inseruit,
837 4068 923 4132 quem
954 4020 1077 4110 eodem
1087 4046 1135 4108 die
1165 4047 1309 4110 babuerat
