2966 4708
233 355 299 420 aad
680 296 879 404 s.auanosn

321 511 390 580 128.
435 512 513 579 Sane
536 513 561 576 si
583 529 710 576 necesse
734 511 771 574 sit
794 510 895 574 dicere
918 510 1133 590 testimonium,
1157 512 1182 576 si
1206 511 1275 594 quid
1296 514 1325 578 in

231 630 325 694 amieo
355 629 419 692 vitii
449 627 644 706 cognoverit,
678 625 831 706 corripere
866 623 1002 700 occulte;
1035 623 1061 685 si
1093 643 1154 687 non
1188 626 1325 708 audierit,

231 743 384 824 corripere
407 741 516 825 palam;
551 745 620 804 aunt
641 739 719 801 enim
743 738 839 800 bonae
870 737 1075 818 correptiones
1099 745 1129 801 et
1150 740 1326 822 plerumque

230 857 387 934 meliores,
417 873 503 937 qnam
535 855 619 916 tacita
650 853 784 916 amicitia.
828 850 866 913 Et
887 851 918 914 si
936 849 1014 914 laedi
1038 868 1072 913 se
1093 859 1176 934 putet
1203 855 1324 933 amicus,

229 975 260 1033 tu
282 977 379 1032 tamen
408 969 541 1050 corripe;
578 975 608 1031 et
630 970 655 1031 si
679 967 842 1034 amaritudo
873 969 1071 1051 correptionis
1102 967 1229 1030 animum
1259 968 1324 1032 eius

228 1084 383 1160 vulneret,
420 1089 449 1144 tu
471 1088 568 1144 tamen
603 1083 739 1164 corripe,
772 1099 811 1143 ne
842 1083 985 1144 verearis.
1036 1080 1225 1144 Tolerabilior
1251 1089 1326 1144 suni

229 1197 306 1260 enim
330 1196 423 1258 amici
446 1196 595 1272 vulnera,
629 1213 720 1274 quma
743 1195 936 1258 adulantium
960 1196 1075 1258 osmtla.
1096 1192 1124 1278 ¹)
1167 1192 1324 1257 Errantem

229 1312 320 1394 igitur
343 1310 465 1372 amicum
488 1310 622 1390 corripe,
646 1310 833 1372 innocentem
857 1311 980 1372 amicum
1003 1327 1042 1372 ne
1064 1309 1196 1372 deseras.
1235 1306 1322 1372 Con-

229 1429 310 1487 stans
335 1423 411 1484 enim
435 1422 522 1484 debet
552 1440 620 1484 esse
653 1423 796 1501 amicitia,
827 1423 1077 1505 perseverarem
1101 1419 1226 1500 allectu;
1261 1440 1323 1486 non

148 1599 155 1611 ,
228 1537 332 1620 puerili
361 1536 449 1599 modo
480 1536 590 1598 anricos
619 1539 733 1598 mutare
752 1553 828 1618 vaga
852 1535 976 1617 quadam
1000 1534 1143 1600 debemus
1166 1537 1321 1602 sententia.

319 1645 390 1714 129.
434 1648 525 1730 Aperi
548 1656 653 1731 pectus
675 1655 755 1712 tutum
779 1652 890 1730 amico,
913 1657 945 1713 ut
967 1651 1061 1714 fidelis
1084 1651 1122 1714 sit
1144 1651 1195 1712 tibi
1219 1656 1248 1713 et
1266 1667 1322 1712 ca·

230 1761 294 1845 pias
318 1779 358 1826 ex
376 1780 413 1824 eo
434 1764 512 1825 vitae
535 1768 604 1825 tuae
626 1763 843 1826 iucunditatem.
888 1763 997 1827 Fidelis
1020 1765 1097 1826 enim
1122 1764 1231 1826 amicus
1255 1781 1322 1824 me-

229 1876 421 1939 dicamentum
445 1884 491 1938 est
514 1879 592 1939 vitae
608 1874 640 1959 Ι1)
668 1883 698 1939 ct
720 1876 935 1941 inmortalitatis
963 1879 1066 1962 gratia.
1112 1877 1204 1940 Deier
1225 1877 1320 1942 amico

227 1996 260 2053 ut
282 1990 406 2070 aequali,
428 2008 486 2053 nac
509 1995 538 2051 te
560 1987 678 2070 pudeat,
702 1996 733 2052 ut
755 1991 931 2071 praevenias
955 1990 1078 2052 amioum
1102 1988 1216 2065 offici03
1243 1989 1321 2051 ami-

228 2105 294 2167 citio
329 2105 406 2166 enirn
440 2105 535 2165 nescit
568 2091 744 2185 superbiam.
800 2104 871 2168 ideo
905 2106 983 2169 enim
1019 2105 1139 2185 sapiens
1177 2103 1261 2166 dicit:
1287 2099 1319 2186 ³)

226 2216 366 2280 Amicum
396 2218 536 2280 salutare
565 2236 628 2280 non
661 2217 836 2282 erubescas.
880 2218 945 2281 Nec
978 2217 1102 2282 deseras
1135 2219 1259 2282 amicum
1289 2219 1320 2281 in

226 2331 421 2409 necessitate,
452 2348 508 2392 nec
534 2329 721 2412 derelinquas
745 2349 829 2410 euru,
863 2349 961 2412 neque
992 2331 1151 2412 destituas,
1181 2334 1319 2414 quoniam

225 2445 351 2507 amicitia
373 2445 452 2507 vitae
477 2425 675 2507 adiumentum
699 2451 752 2508 est.
797 2445 868 2508 ideo
898 2463 991 2510 onera
1021 2453 1123 2510 nostra
1152 2455 1318 2528 portemus,

227 2557 302 2619 siout
325 2555 477 2636 apostolus
500 2556 601 2618 docuit
609 2577 618 2632 ;
636 2553 668 2640 ⁴)
700 2557 768 2620 dicit
791 2559 869 2620 enirn
892 2560 953 2638 his,
987 2577 1063 2642 quos
1087 2560 1221 2624 eiusdem
1245 2578 1318 2625 cor·

224 2670 307 2752 poris
340 2669 486 2750 conplexa
521 2673 567 2730 est
598 2669 712 2730 caritas.
756 2667 872 2732 Etenim
907 2671 932 2732 si
966 2673 1051 2734 amici
1083 2672 1234 2736 secundae
1267 2689 1318 2736 res

226 2786 337 2848 amicos
360 2783 512 2861 adiuvant,
536 2799 590 2844 our
611 2799 672 2844 non
688 2789 719 2844 et
733 2783 763 2843 in
779 2783 914 2846 adversis
936 2786 1022 2846 amici
1044 2785 1134 2848 rebus
1157 2785 1318 2848 amicorum

225 2897 422 2960 adiumentum
453 2897 611 2979 suppetat‘l
655 2896 790 2960 iuvemus
821 2899 964 2980 oonsilio,
997 2900 1185 2964 conferamus
1211 2899 1316 2978 studia,

225 3013 426 3093 compatiamur
448 3011 564 3074 ellectu.

314 3122 383 3189 130.
429 3123 460 3190 Si
481 3141 609 3188 necesse
635 3133 697 3206 est,
727 3127 889 3192 toleramus
921 3133 1042 3210 propter
1073 3129 1196 3192 amicum
1221 3126 1316 3192 'etiam

226 3257 339 3321 aspera.
385 3238 561 3321 Plerumque
591 3241 760 3304 inimicitiae
790 3242 962 3306 subeundae
991 3249 1060 3306 sunt
1081 3249 1204 3326 propter
1231 3243 1316 3306 amici

223 3354 438 3436 innocentiam,
470 3371 561 3435 saepe
591 3354 841 3433 obtrectationes,
874 3355 899 3415 si
929 3355 1075 3418 restiteris
1105 3356 1156 3418 vel
1184 3373 1315 3437 respon-

224 3465 319 3546 deris,
353 3487 419 3531 curn
449 3471 559 3531 amicus
589 3467 722 3549 arguitur
752 3475 781 3530 et
807 3475 972 3530 accusatur.
1017 3469 1080 3532 Neo
1110 3475 1139 3532 te
1168 3471 1316 3552 paeniteat

224 3581 368 3644 eiusmodi
390 3582 579 3660 offensionis3
615 3583 682 3644 insti
706 3582 784 3645 enirn
808 3601 869 3645 vox
892 3589 953 3646 est:
971 3579 1003 3666 5)
1037 3583 1106 3646 litai
1131 3587 1216 3648 mala
1240 3586 1314 3648 mibi

223 3697 393 3773 evenerint,
413 3705 541 3776 propter
562 3697 692 3758 amicum
713 3696 862 3758 sustineo.
900 3697 932 3758 In
951 3696 1085 3760 adversis
1106 3700 1183 3762 enirn
1204 3701 1313 3763 amicus

224 3811 382 3891 probatum
406 3829 473 3878 narn
494 3812 523 3873 in
549 3812 703 3893 prosperis
727 3811 811 3874 amici
835 3829 938 3876 ornnes
960 3814 1105 3876 videntur.
1150 3813 1209 3878 Sed
1231 3821 1263 3876 ut
1284 3815 1313 3877 in

227 3971 427 3982 ·-—-.....—.-..

295 4077 321 4142 1)
340 4076 415 4130 Prov.
434 4077 478 4144 27,
497 4076 522 4130 6.
592 4079 620 4144 2)
640 4079 762 4148 sirico,
783 4080 822 4136 16.
896 4081 926 4152 3)
944 4079 1007 4136 ibid.
1025 4083 1068 4150 22,
1087 4082 1129 4137 25.
1210 4084 1238 4150 4)
1258 4081 1312 4136 Gal.

223 4163 249 4231 b,
267 4163 292 4218 2.
362 4165 390 4230 5)
427 4165 506 4220 sirac.
524 4165 567 4236 22,
586 4167 628 4225 26.
