<?xml version="1.0" encoding="UTF-8"?>
<!DOCTYPE html PUBLIC "-//W3C//DTD XHTML 1.0 Transitional//EN"
    "http://www.w3.org/TR/xhtml1/DTD/xhtml1-transitional.dtd">
<html xmlns="http://www.w3.org/1999/xhtml" xml:lang="en" lang="en">
 <head>
  <title>
</title>
<meta http-equiv="Content-Type" content="text/html;charset=utf-8" />
  <meta name='ocr-system' content='tesseract 3.04.00' />
  <meta name='ocr-capabilities' content='ocr_page ocr_carea ocr_par ocr_line ocrx_word'/>
</head>
<body>
  <div class='ocr_page' id='page_1' title='image "./deofficiisminis01krabgoog_0184.png"; bbox 0 0 2976 4706; ppageno 0'>
   <div class='ocr_carea' id='block_1_1' title="bbox 461 1113 919 1209">
    <p class='ocr_par' dir='ltr' id='par_1_1' title="bbox 461 1113 919 1209">
     <span class='ocr_line' id='line_1_1' title="bbox 461 1113 919 1209; baseline 0.009 -4"><span class='ocrx_word' id='word_1_1' title='bbox 461 1113 633 1207; x_wconf 82' lang='lat' dir='ltr'>LIBER</span> <span class='ocrx_word' id='word_1_2' title='bbox 669 1114 919 1209; x_wconf 77' lang='lat' dir='ltr'><strong>Titurius.</strong></span> 
     </span>
    </p>
   </div>
   <div class='ocr_carea' id='block_1_2' title="bbox 611 1335 772 1346">
    <p class='ocr_par' dir='ltr' id='par_1_2' title="bbox 611 1335 772 1346">
     <span class='ocr_line' id='line_1_2' title="bbox 611 1335 772 1346; baseline 0 0"><span class='ocrx_word' id='word_1_3' title='bbox 611 1335 772 1346; x_wconf 63' lang='lat' dir='ltr'><em>——n-—ae—-u</em></span> 
     </span>
    </p>
   </div>
   <div class='ocr_carea' id='block_1_3' title="bbox 572 1464 808 1532">
    <p class='ocr_par' dir='ltr' id='par_1_3' title="bbox 572 1464 808 1532">
     <span class='ocr_line' id='line_1_3' title="bbox 572 1464 808 1532; baseline -0.008 0"><span class='ocrx_word' id='word_1_4' title='bbox 572 1464 746 1532; x_wconf 83' lang='lat' dir='ltr'><strong>CAPUT</strong></span> <span class='ocrx_word' id='word_1_5' title='bbox 782 1467 808 1531; x_wconf 93' lang='grc' dir='ltr'><strong>Ι.</strong></span> 
     </span>
    </p>
   </div>
   <div class='ocr_carea' id='block_1_4' title="bbox 141 1605 1240 2026">
    <p class='ocr_par' dir='ltr' id='par_1_4' title="bbox 142 1605 1238 1682">
     <span class='ocr_line' id='line_1_4' title="bbox 142 1605 1238 1682; baseline 0.006 -24"><span class='ocrx_word' id='word_1_6' title='bbox 142 1605 165 1658; x_wconf 85' lang='grc' dir='ltr'>Α</span> <span class='ocrx_word' id='word_1_7' title='bbox 184 1605 282 1659; x_wconf 83' lang='lat' dir='ltr'><strong>Doride</strong></span> <span class='ocrx_word' id='word_1_8' title='bbox 302 1625 332 1661; x_wconf 88' lang='lat' dir='ltr'><strong>ac</strong></span> <span class='ocrx_word' id='word_1_9' title='bbox 350 1608 487 1661; x_wconf 86' lang='lat' dir='ltr'><strong>Salomone</strong></span> <span class='ocrx_word' id='word_1_10' title='bbox 506 1608 578 1660; x_wconf 82' lang='lat' dir='ltr'><strong>nobis</strong></span> <span class='ocrx_word' id='word_1_11' title='bbox 596 1619 772 1678; x_wconf 85' lang='lat' dir='ltr'><strong>praeceptum,</strong></span> <span class='ocrx_word' id='word_1_12' title='bbox 790 1627 841 1682; x_wconf 83' lang='lat' dir='ltr'><strong>qua</strong></span> <span class='ocrx_word' id='word_1_13' title='bbox 860 1613 959 1662; x_wconf 85' lang='lat' dir='ltr'><strong>ratione</strong></span> <span class='ocrx_word' id='word_1_14' title='bbox 979 1628 1035 1663; x_wconf 87' lang='lat' dir='ltr'><strong>curn</strong></span> <span class='ocrx_word' id='word_1_15' title='bbox 1054 1613 1132 1666; x_wconf 83' lang='lat' dir='ltr'><strong>eorde</strong></span> <span class='ocrx_word' id='word_1_16' title='bbox 1151 1621 1238 1666; x_wconf 86' lang='lat' dir='ltr'><strong>nostro</strong></span> 
     </span>
    </p>

    <p class='ocr_par' dir='ltr' id='par_1_5' title="bbox 143 1693 1239 1768">
     <span class='ocr_line' id='line_1_5' title="bbox 143 1693 1239 1768; baseline 0.005 -23"><span class='ocrx_word' id='word_1_17' title='bbox 143 1693 343 1747; x_wconf 83' lang='lat' dir='ltr'><strong>conversandum</strong></span> <span class='ocrx_word' id='word_1_18' title='bbox 363 1698 404 1761; x_wconf 81' lang='lat' dir='ltr'><strong>sit,</strong></span> <span class='ocrx_word' id='word_1_19' title='bbox 424 1696 582 1764; x_wconf 76' lang='lat' dir='ltr'><strong>proindeque</strong></span> <span class='ocrx_word' id='word_1_20' title='bbox 601 1696 745 1765; x_wconf 87' lang='lat' dir='ltr'><strong>Scipionem</strong></span> <span class='ocrx_word' id='word_1_21' title='bbox 765 1699 835 1764; x_wconf 87' lang='lat' dir='ltr'><strong>dicti,</strong></span> <span class='ocrx_word' id='word_1_22' title='bbox 855 1699 922 1768; x_wconf 89' lang='lat' dir='ltr'><strong>quod</strong></span> <span class='ocrx_word' id='word_1_23' title='bbox 943 1699 967 1750; x_wconf 87' lang='lat' dir='ltr'><strong>ei</strong></span> <span class='ocrx_word' id='word_1_24' title='bbox 986 1698 1113 1766; x_wconf 76' lang='lat' dir='ltr'>tribuitur,</span> <span class='ocrx_word' id='word_1_25' title='bbox 1132 1700 1239 1767; x_wconf 87' lang='lat' dir='ltr'><strong>primurn</strong></span> 
     </span>
    </p>

    <p class='ocr_par' dir='ltr' id='par_1_6' title="bbox 143 1783 1240 1854">
     <span class='ocr_line' id='line_1_6' title="bbox 143 1783 1240 1854; baseline 0.005 -22"><span class='ocrx_word' id='word_1_26' title='bbox 143 1789 273 1834; x_wconf 82' lang='lat' dir='ltr'><strong>auctorent</strong></span> <span class='ocrx_word' id='word_1_27' title='bbox 302 1799 352 1834; x_wconf 90' lang='lat' dir='ltr'><strong>noa</strong></span> <span class='ocrx_word' id='word_1_28' title='bbox 379 1783 553 1850; x_wconf 85' lang='lat' dir='ltr'><strong>reputandum.</strong></span> <span class='ocrx_word' id='word_1_29' title='bbox 591 1784 672 1848; x_wconf 83' lang='lat' dir='ltr'><strong>Quam</strong></span> <span class='ocrx_word' id='word_1_30' title='bbox 699 1783 805 1854; x_wconf 85' lang='lat' dir='ltr'><strong>pulchra</strong></span> <span class='ocrx_word' id='word_1_31' title='bbox 832 1787 857 1836; x_wconf 89' lang='lat' dir='ltr'><strong>in</strong></span> <span class='ocrx_word' id='word_1_32' title='bbox 884 1787 937 1837; x_wconf 92' lang='lat' dir='ltr'><strong>otio</strong></span> <span class='ocrx_word' id='word_1_33' title='bbox 965 1801 1012 1838; x_wconf 84' lang='lat' dir='ltr'><strong>ouo</strong></span> <span class='ocrx_word' id='word_1_34' title='bbox 1037 1788 1240 1854; x_wconf 72' lang='lat' dir='ltr'><strong>perpetraverint</strong></span> 
     </span>
    </p>

    <p class='ocr_par' dir='ltr' id='par_1_7' title="bbox 141 1868 1239 2026">
     <span class='ocr_line' id='line_1_7' title="bbox 141 1868 1239 1942; baseline 0.005 -24"><span class='ocrx_word' id='word_1_35' title='bbox 141 1869 223 1919; x_wconf 67' lang='lat' dir='ltr'><strong>nacti</strong></span> <span class='ocrx_word' id='word_1_36' title='bbox 241 1868 400 1936; x_wconf 88' lang='lat' dir='ltr'><strong>prophetae,</strong></span> <span class='ocrx_word' id='word_1_37' title='bbox 413 1868 518 1924; x_wconf 80' lang='lat' dir='ltr'><strong>,harum</strong></span> <span class='ocrx_word' id='word_1_38' title='bbox 543 1877 618 1938; x_wconf 89' lang='lat' dir='ltr'><strong>atque</strong></span> <span class='ocrx_word' id='word_1_39' title='bbox 642 1870 749 1924; x_wconf 89' lang='lat' dir='ltr'><strong>aliorum</strong></span> <span class='ocrx_word' id='word_1_40' title='bbox 768 1873 818 1922; x_wconf 87' lang='lat' dir='ltr'><strong>otia</strong></span> <span class='ocrx_word' id='word_1_41' title='bbox 837 1871 1018 1937; x_wconf 77' lang='lat' dir='ltr'><strong>conferuntur,</strong></span> <span class='ocrx_word' id='word_1_42' title='bbox 1047 1873 1239 1942; x_wconf 74' lang='lat' dir='ltr'><strong>ostenditurque</strong></span> 
     </span>
     <span class='ocr_line' id='line_1_8' title="bbox 358 1956 1023 2026; baseline 0.006 -20"><span class='ocrx_word' id='word_1_43' title='bbox 358 1971 492 2024; x_wconf 86' lang='lat' dir='ltr'><strong>numquam</strong></span> <span class='ocrx_word' id='word_1_44' title='bbox 511 1956 592 2008; x_wconf 80' lang='lat' dir='ltr'><strong>tolum</strong></span> <span class='ocrx_word' id='word_1_45' title='bbox 612 1967 655 2008; x_wconf 88' lang='lat' dir='ltr'><strong>aut</strong></span> <span class='ocrx_word' id='word_1_46' title='bbox 673 1959 698 2008; x_wconf 92' lang='lat' dir='ltr'><strong>in</strong></span> <span class='ocrx_word' id='word_1_47' title='bbox 717 1966 825 2026; x_wconf 76' lang='lat' dir='ltr'><strong>angusto</strong></span> <span class='ocrx_word' id='word_1_48' title='bbox 847 1959 938 2008; x_wconf 81' lang='lat' dir='ltr'><strong>iustum</strong></span> <span class='ocrx_word' id='word_1_49' title='bbox 957 1975 1023 2012; x_wconf 85' lang='lat' dir='ltr'><strong>esse.</strong></span> 
     </span>
    </p>
   </div>
   <div class='ocr_carea' id='block_1_5' title="bbox 143 2093 1243 2291">
    <p class='ocr_par' dir='ltr' id='par_1_8' title="bbox 143 2093 1243 2291">
     <span class='ocr_line' id='line_1_9' title="bbox 233 2093 1241 2180; baseline 0.006 -24"><span class='ocrx_word' id='word_1_50' title='bbox 233 2093 260 2159; x_wconf 88' lang='lat'><strong>1.</strong></span> <span class='ocrx_word' id='word_1_51' title='bbox 305 2097 400 2160; x_wconf 87' lang='lat' dir='ltr'><strong>David</strong></span> <span class='ocrx_word' id='word_1_52' title='bbox 423 2097 568 2179; x_wconf 88' lang='lat' dir='ltr'><strong>propbeta</strong></span> <span class='ocrx_word' id='word_1_53' title='bbox 591 2096 691 2159; x_wconf 91' lang='lat' dir='ltr'><strong>docuit</strong></span> <span class='ocrx_word' id='word_1_54' title='bbox 712 2114 768 2160; x_wconf 91' lang='lat' dir='ltr'><strong>nos</strong></span> <span class='ocrx_word' id='word_1_55' title='bbox 791 2105 938 2178; x_wconf 86' lang='lat' dir='ltr'><strong>tamquam</strong></span> <span class='ocrx_word' id='word_1_56' title='bbox 968 2098 998 2160; x_wconf 91' lang='lat' dir='ltr'><strong>in</strong></span> <span class='ocrx_word' id='word_1_57' title='bbox 1026 2099 1120 2180; x_wconf 84' lang='lat' dir='ltr'><strong>ampla</strong></span> <span class='ocrx_word' id='word_1_58' title='bbox 1150 2098 1241 2162; x_wconf 91' lang='lat' dir='ltr'><strong>dorna</strong></span> 
     </span>
     <span class='ocr_line' id='line_1_10' title="bbox 143 2207 1243 2291; baseline 0.003 -22"><span class='ocrx_word' id='word_1_59' title='bbox 143 2207 334 2275; x_wconf 78' lang='lat' dir='ltr'><strong>deambulare</strong></span> <span class='ocrx_word' id='word_1_60' title='bbox 365 2209 396 2270; x_wconf 94' lang='lat' dir='ltr'><strong>in</strong></span> <span class='ocrx_word' id='word_1_61' title='bbox 425 2208 518 2274; x_wconf 87' lang='lat' dir='ltr'><strong>corde</strong></span> <span class='ocrx_word' id='word_1_62' title='bbox 548 2215 654 2272; x_wconf 90' lang='lat' dir='ltr'><strong>nostro</strong></span> <span class='ocrx_word' id='word_1_63' title='bbox 685 2216 716 2272; x_wconf 88' lang='lat' dir='ltr'><strong>et</strong></span> <span class='ocrx_word' id='word_1_64' title='bbox 747 2210 921 2274; x_wconf 86' lang='lat' dir='ltr'><strong>conversari</strong></span> <span class='ocrx_word' id='word_1_65' title='bbox 944 2228 1011 2272; x_wconf 92' lang='lat' dir='ltr'><strong>curn</strong></span> <span class='ocrx_word' id='word_1_66' title='bbox 1035 2227 1074 2274; x_wconf 88' lang='lat' dir='ltr'><strong>eo</strong></span> <span class='ocrx_word' id='word_1_67' title='bbox 1096 2217 1243 2291; x_wconf 77' lang='lat' dir='ltr'><strong>tamqrraar</strong></span> 
     </span>
    </p>
   </div>
   <div class='ocr_carea' id='block_1_6' title="bbox 140 2322 1246 3867">
    <p class='ocr_par' dir='ltr' id='par_1_9' title="bbox 140 2322 1246 3193">
     <span class='ocr_line' id='line_1_11' title="bbox 143 2322 1242 2404; baseline 0.004 -20"><span class='ocrx_word' id='word_1_68' title='bbox 143 2338 210 2384; x_wconf 85' lang='lat' dir='ltr'><strong>curn</strong></span> <span class='ocrx_word' id='word_1_69' title='bbox 233 2322 315 2384; x_wconf 92' lang='lat' dir='ltr'><strong>bono</strong></span> <span class='ocrx_word' id='word_1_70' title='bbox 337 2323 552 2402; x_wconf 76' lang='lat' dir='ltr'><strong>contubernali,</strong></span> <span class='ocrx_word' id='word_1_71' title='bbox 579 2330 612 2385; x_wconf 91' lang='lat' dir='ltr'><strong>ut</strong></span> <span class='ocrx_word' id='word_1_72' title='bbox 634 2323 699 2403; x_wconf 93' lang='lat' dir='ltr'><strong>ipse</strong></span> <span class='ocrx_word' id='word_1_73' title='bbox 722 2323 778 2386; x_wconf 92' lang='lat' dir='ltr'><strong>sibi</strong></span> <span class='ocrx_word' id='word_1_74' title='bbox 801 2323 915 2388; x_wconf 87' lang='lat' dir='ltr'><strong>diceret</strong></span> <span class='ocrx_word' id='word_1_75' title='bbox 937 2329 965 2386; x_wconf 90' lang='lat' dir='ltr'><strong>et</strong></span> <span class='ocrx_word' id='word_1_76' title='bbox 988 2323 1165 2404; x_wconf 88' lang='lat' dir='ltr'><strong>loqueretur</strong></span> <span class='ocrx_word' id='word_1_77' title='bbox 1187 2343 1242 2388; x_wconf 80' lang='lat' dir='ltr'><strong>se-</strong></span> 
     </span>
     <span class='ocr_line' id='line_1_12' title="bbox 143 2432 1243 2518; baseline 0.007 -22"><span class='ocrx_word' id='word_1_78' title='bbox 143 2452 228 2511; x_wconf 83' lang='lat' dir='ltr'><strong>cum3</strong></span> <span class='ocrx_word' id='word_1_79' title='bbox 258 2440 292 2497; x_wconf 95' lang='lat' dir='ltr'><strong>ut</strong></span> <span class='ocrx_word' id='word_1_80' title='bbox 315 2440 360 2497; x_wconf 88' lang='lat' dir='ltr'><strong>est</strong></span> <span class='ocrx_word' id='word_1_81' title='bbox 381 2434 470 2497; x_wconf 89' lang='lat' dir='ltr'><strong>illud:</strong></span> <span class='ocrx_word' id='word_1_82' title='bbox 488 2432 519 2518; x_wconf 85' lang='lat'><strong>¹)</strong></span> <span class='ocrx_word' id='word_1_83' title='bbox 549 2435 649 2514; x_wconf 80' lang='lat' dir='ltr'><strong>Diui,</strong></span> <span class='ocrx_word' id='word_1_84' title='bbox 674 2436 849 2498; x_wconf 80' lang='lat' dir='ltr'><strong>custodiam</strong></span> <span class='ocrx_word' id='word_1_85' title='bbox 870 2438 941 2501; x_wconf 80' lang='lat' dir='ltr'><strong>aiae</strong></span> <span class='ocrx_word' id='word_1_86' title='bbox 961 2456 1056 2500; x_wconf 79' lang='lat' dir='ltr'><strong>meae.</strong></span> <span class='ocrx_word' id='word_1_87' title='bbox 1101 2436 1243 2504; x_wconf 84' lang='lat' dir='ltr'><strong>Salomon</strong></span> 
     </span>
     <span class='ocr_line' id='line_1_13' title="bbox 143 2545 1243 2635; baseline 0.005 -25"><span class='ocrx_word' id='word_1_88' title='bbox 143 2565 265 2629; x_wconf 80' lang='lat' dir='ltr'><strong>quoque</strong></span> <span class='ocrx_word' id='word_1_89' title='bbox 294 2545 371 2610; x_wconf 88' lang='lat' dir='ltr'><strong>lilius</strong></span> <span class='ocrx_word' id='word_1_90' title='bbox 402 2548 466 2612; x_wconf 85' lang='lat' dir='ltr'><strong>eius</strong></span> <span class='ocrx_word' id='word_1_91' title='bbox 496 2548 581 2635; x_wconf 88' lang='lat' dir='ltr'><strong>dicit:</strong></span> <span class='ocrx_word' id='word_1_92' title='bbox 598 2545 630 2632; x_wconf 76' lang='lat'><strong>²)</strong></span> <span class='ocrx_word' id='word_1_93' title='bbox 661 2549 739 2620; x_wconf 88' lang='lat' dir='ltr'><strong>Bibe</strong></span> <span class='ocrx_word' id='word_1_94' title='bbox 761 2569 875 2630; x_wconf 80' lang='lat' dir='ltr'><strong>aquarn</strong></span> <span class='ocrx_word' id='word_1_95' title='bbox 898 2552 936 2613; x_wconf 89' lang='lat' dir='ltr'><strong>de</strong></span> <span class='ocrx_word' id='word_1_96' title='bbox 960 2553 1022 2614; x_wconf 78' lang='lat' dir='ltr'><strong>tuis</strong></span> <span class='ocrx_word' id='word_1_97' title='bbox 1043 2553 1130 2616; x_wconf 77' lang='lat' dir='ltr'><strong>carie</strong></span> <span class='ocrx_word' id='word_1_98' title='bbox 1152 2553 1243 2616; x_wconf 87' lang='lat' dir='ltr'><strong>etde</strong></span> 
     </span>
     <span class='ocr_line' id='line_1_14' title="bbox 140 2659 1243 2747; baseline 0.006 -25"><span class='ocrx_word' id='word_1_99' title='bbox 140 2667 305 2740; x_wconf 86' lang='lat' dir='ltr'><strong>puteorum</strong></span> <span class='ocrx_word' id='word_1_100' title='bbox 325 2666 450 2722; x_wconf 88' lang='lat' dir='ltr'><strong>tuarum</strong></span> <span class='ocrx_word' id='word_1_101' title='bbox 467 2659 630 2738; x_wconf 81' lang='lat' dir='ltr'><strong>sontibue;</strong></span> <span class='ocrx_word' id='word_1_102' title='bbox 652 2662 711 2726; x_wconf 88' lang='lat' dir='ltr'><strong>hoo</strong></span> <span class='ocrx_word' id='word_1_103' title='bbox 727 2669 783 2742; x_wconf 88' lang='lat' dir='ltr'><strong>est,</strong></span> <span class='ocrx_word' id='word_1_104' title='bbox 807 2668 859 2726; x_wconf 88' lang='lat' dir='ltr'><strong>tuo</strong></span> <span class='ocrx_word' id='word_1_105' title='bbox 876 2664 1003 2728; x_wconf 90' lang='lat' dir='ltr'><strong>consilio</strong></span> <span class='ocrx_word' id='word_1_106' title='bbox 1018 2672 1113 2728; x_wconf 91' lang='lat' dir='ltr'><strong>utere.</strong></span> <span class='ocrx_word' id='word_1_107' title='bbox 1150 2665 1243 2747; x_wconf 83' lang='lat' dir='ltr'><strong>Aqua</strong></span> 
     </span>
     <span class='ocr_line' id='line_1_15' title="bbox 144 2768 1243 2857; baseline 0.003 -22"><span class='ocrx_word' id='word_1_108' title='bbox 144 2773 224 2835; x_wconf 86' lang='lat' dir='ltr'><strong>euim</strong></span> <span class='ocrx_word' id='word_1_109' title='bbox 240 2773 307 2834; x_wconf 87' lang='lat' dir='ltr'><strong>alta</strong></span> <span class='ocrx_word' id='word_1_110' title='bbox 322 2772 486 2836; x_wconf 82' lang='lat' dir='ltr'><strong>concilium</strong></span> <span class='ocrx_word' id='word_1_111' title='bbox 502 2773 536 2832; x_wconf 88' lang='lat' dir='ltr'><strong>iu</strong></span> <span class='ocrx_word' id='word_1_112' title='bbox 552 2773 648 2835; x_wconf 90' lang='lat' dir='ltr'><strong>corde</strong></span> <span class='ocrx_word' id='word_1_113' title='bbox 663 2772 735 2834; x_wconf 86' lang='lat' dir='ltr'><strong>oiri.</strong></span> <span class='ocrx_word' id='word_1_114' title='bbox 748 2768 781 2855; x_wconf 82' lang='lat'><strong>³)</strong></span> <span class='ocrx_word' id='word_1_115' title='bbox 819 2771 923 2850; x_wconf 89' lang='lat' dir='ltr'><strong>Nemo,</strong></span> <span class='ocrx_word' id='word_1_116' title='bbox 949 2775 1051 2856; x_wconf 82' lang='lat' dir='ltr'><strong>inquit,</strong></span> <span class='ocrx_word' id='word_1_117' title='bbox 1063 2772 1096 2857; x_wconf 80' lang='lat'><strong>⁴)</strong></span> <span class='ocrx_word' id='word_1_118' title='bbox 1119 2776 1243 2838; x_wconf 84' lang='lat' dir='ltr'><strong>alienae</strong></span> 
     </span>
     <span class='ocr_line' id='line_1_16' title="bbox 141 2887 1245 2968; baseline 0.002 -18"><span class='ocrx_word' id='word_1_119' title='bbox 141 2889 301 2967; x_wconf 80' lang='lat' dir='ltr'><strong>particeps</strong></span> <span class='ocrx_word' id='word_1_120' title='bbox 328 2889 372 2950; x_wconf 82' lang='lat' dir='ltr'><strong>rit</strong></span> <span class='ocrx_word' id='word_1_121' title='bbox 399 2887 465 2955; x_wconf 81' lang='lat' dir='ltr'><strong>tibi.</strong></span> <span class='ocrx_word' id='word_1_122' title='bbox 509 2887 596 2950; x_wconf 82' lang='lat' dir='ltr'><strong>Faue</strong></span> <span class='ocrx_word' id='word_1_123' title='bbox 625 2905 727 2966; x_wconf 84' lang='lat' dir='ltr'><strong>aquae</strong></span> <span class='ocrx_word' id='word_1_124' title='bbox 758 2894 830 2950; x_wconf 90' lang='lat' dir='ltr'><strong>tuae</strong></span> <span class='ocrx_word' id='word_1_125' title='bbox 859 2889 902 2950; x_wconf 78' lang='lat' dir='ltr'><strong>eit</strong></span> <span class='ocrx_word' id='word_1_126' title='bbox 930 2887 987 2950; x_wconf 86' lang='lat' dir='ltr'><strong>tibi</strong></span> <span class='ocrx_word' id='word_1_127' title='bbox 1010 2888 1183 2968; x_wconf 83' lang='lat' dir='ltr'><strong>propriue;</strong></span> <span class='ocrx_word' id='word_1_128' title='bbox 1214 2895 1245 2952; x_wconf 86' lang='lat' dir='ltr'><strong>et</strong></span> 
     </span>
     <span class='ocr_line' id='line_1_17' title="bbox 143 2999 1246 3079; baseline 0.002 -17"><span class='ocrx_word' id='word_1_129' title='bbox 143 2999 316 3062; x_wconf 76' lang='lat' dir='ltr'><strong>incendere</strong></span> <span class='ocrx_word' id='word_1_130' title='bbox 345 3019 413 3064; x_wconf 89' lang='lat' dir='ltr'><strong>curn</strong></span> <span class='ocrx_word' id='word_1_131' title='bbox 442 3019 563 3078; x_wconf 81' lang='lat' dir='ltr'><strong>auare,</strong></span> <span class='ocrx_word' id='word_1_132' title='bbox 598 3018 678 3079; x_wconf 84' lang='lat' dir='ltr'><strong>quae</strong></span> <span class='ocrx_word' id='word_1_133' title='bbox 708 3008 757 3063; x_wconf 81' lang='lat' dir='ltr'><strong>ert</strong></span> <span class='ocrx_word' id='word_1_134' title='bbox 786 3000 843 3063; x_wconf 83' lang='lat' dir='ltr'><strong>tibi</strong></span> <span class='ocrx_word' id='word_1_135' title='bbox 870 3021 891 3063; x_wconf 91' lang='lat' dir='ltr'><strong>a</strong></span> <span class='ocrx_word' id='word_1_136' title='bbox 913 3002 1078 3064; x_wconf 85' lang='lat' dir='ltr'><strong>iuventute.</strong></span> <span class='ocrx_word' id='word_1_137' title='bbox 1126 3001 1246 3064; x_wconf 79' lang='lat' dir='ltr'><strong>Cercar</strong></span> 
     </span>
     <span class='ocr_line' id='line_1_18' title="bbox 145 3111 1075 3193; baseline 0.002 -19"><span class='ocrx_word' id='word_1_138' title='bbox 145 3111 301 3174; x_wconf 79' lang='lat' dir='ltr'><strong>amicitiae</strong></span> <span class='ocrx_word' id='word_1_139' title='bbox 325 3120 356 3174; x_wconf 88' lang='lat' dir='ltr'><strong>et</strong></span> <span class='ocrx_word' id='word_1_140' title='bbox 373 3112 482 3191; x_wconf 81' lang='lat' dir='ltr'><strong>pullae</strong></span> <span class='ocrx_word' id='word_1_141' title='bbox 502 3113 678 3193; x_wconf 78' lang='lat' dir='ltr'><strong>proliacum</strong></span> <span class='ocrx_word' id='word_1_142' title='bbox 702 3111 945 3190; x_wconf 81' lang='lat' dir='ltr'><strong>confabulentur</strong></span> <span class='ocrx_word' id='word_1_143' title='bbox 968 3122 1075 3177; x_wconf 83' lang='lat' dir='ltr'><strong>tecum.</strong></span> 
     </span>
    </p>

    <p class='ocr_par' dir='ltr' id='par_1_10' title="bbox 144 3223 1245 3867">
     <span class='ocr_line' id='line_1_19' title="bbox 232 3223 1243 3307; baseline 0 -19"><span class='ocrx_word' id='word_1_144' title='bbox 232 3223 260 3288; x_wconf 83' lang='lat'><strong>2.</strong></span> <span class='ocrx_word' id='word_1_145' title='bbox 306 3224 374 3288; x_wconf 90' lang='lat' dir='ltr'><strong>Non</strong></span> <span class='ocrx_word' id='word_1_146' title='bbox 398 3242 474 3307; x_wconf 85' lang='lat' dir='ltr'><strong>orgo</strong></span> <span class='ocrx_word' id='word_1_147' title='bbox 497 3225 608 3305; x_wconf 88' lang='lat' dir='ltr'><strong>primus</strong></span> <span class='ocrx_word' id='word_1_148' title='bbox 631 3225 731 3307; x_wconf 86' lang='lat' dir='ltr'><strong>Scipio</strong></span> <span class='ocrx_word' id='word_1_149' title='bbox 755 3227 843 3289; x_wconf 90' lang='lat' dir='ltr'><strong>scivit</strong></span> <span class='ocrx_word' id='word_1_150' title='bbox 865 3227 948 3290; x_wconf 89' lang='lat' dir='ltr'><strong>solus</strong></span> <span class='ocrx_word' id='word_1_151' title='bbox 974 3244 1036 3290; x_wconf 89' lang='lat' dir='ltr'><strong>non</strong></span> <span class='ocrx_word' id='word_1_152' title='bbox 1059 3243 1145 3304; x_wconf 89' lang='lat' dir='ltr'><strong>esse,</strong></span> <span class='ocrx_word' id='word_1_153' title='bbox 1176 3244 1243 3290; x_wconf 86' lang='lat' dir='ltr'><strong>cunr</strong></span> 
     </span>
     <span class='ocr_line' id='line_1_20' title="bbox 144 3336 1243 3418; baseline 0 -18"><span class='ocrx_word' id='word_1_154' title='bbox 144 3336 227 3400; x_wconf 85' lang='lat' dir='ltr'><strong>solus</strong></span> <span class='ocrx_word' id='word_1_155' title='bbox 250 3344 342 3417; x_wconf 85' lang='lat' dir='ltr'><strong>esset,</strong></span> <span class='ocrx_word' id='word_1_156' title='bbox 366 3355 424 3400; x_wconf 89' lang='lat' dir='ltr'><strong>nec</strong></span> <span class='ocrx_word' id='word_1_157' title='bbox 446 3338 542 3402; x_wconf 88' lang='lat' dir='ltr'><strong>minus</strong></span> <span class='ocrx_word' id='word_1_158' title='bbox 565 3340 691 3418; x_wconf 90' lang='lat' dir='ltr'><strong>otiosus,</strong></span> <span class='ocrx_word' id='word_1_159' title='bbox 716 3357 783 3402; x_wconf 89' lang='lat' dir='ltr'><strong>curn</strong></span> <span class='ocrx_word' id='word_1_160' title='bbox 805 3340 919 3403; x_wconf 85' lang='lat' dir='ltr'><strong>otiosus</strong></span> <span class='ocrx_word' id='word_1_161' title='bbox 943 3345 1042 3414; x_wconf 90' lang='lat' dir='ltr'><strong>esset;</strong></span> <span class='ocrx_word' id='word_1_162' title='bbox 1066 3339 1153 3401; x_wconf 87' lang='lat' dir='ltr'><strong>scivit</strong></span> <span class='ocrx_word' id='word_1_163' title='bbox 1173 3345 1243 3400; x_wconf 85' lang='lat' dir='ltr'><strong>ante</strong></span> 
     </span>
     <span class='ocr_line' id='line_1_21' title="bbox 144 3446 1243 3532; baseline 0.002 -22"><span class='ocrx_word' id='word_1_164' title='bbox 144 3447 240 3528; x_wconf 90' lang='lat' dir='ltr'><strong>ipsum</strong></span> <span class='ocrx_word' id='word_1_165' title='bbox 269 3449 410 3532; x_wconf 76' lang='lat' dir='ltr'><strong>Moyseo,</strong></span> <span class='ocrx_word' id='word_1_166' title='bbox 441 3452 507 3532; x_wconf 86' lang='lat' dir='ltr'><strong>qui,</strong></span> <span class='ocrx_word' id='word_1_167' title='bbox 540 3469 606 3513; x_wconf 91' lang='lat' dir='ltr'><strong>cum</strong></span> <span class='ocrx_word' id='word_1_168' title='bbox 636 3457 766 3532; x_wconf 85' lang='lat' dir='ltr'><strong>taceret,</strong></span> <span class='ocrx_word' id='word_1_169' title='bbox 798 3451 941 3516; x_wconf 87' lang='lat' dir='ltr'><strong>clamabat</strong></span> <span class='ocrx_word' id='word_1_170' title='bbox 948 3470 957 3525; x_wconf 92' lang='lat'>;</span> <span class='ocrx_word' id='word_1_171' title='bbox 974 3446 1005 3532; x_wconf 84' lang='lat'><strong>⁵)</strong></span> <span class='ocrx_word' id='word_1_172' title='bbox 1039 3467 1106 3512; x_wconf 87' lang='lat' dir='ltr'><strong>cum</strong></span> <span class='ocrx_word' id='word_1_173' title='bbox 1128 3448 1243 3512; x_wconf 85' lang='lat' dir='ltr'><strong>otiosus</strong></span> 
     </span>
     <span class='ocr_line' id='line_1_22' title="bbox 145 3559 1245 3646; baseline 0.002 -24"><span class='ocrx_word' id='word_1_174' title='bbox 145 3565 253 3640; x_wconf 85' lang='lat' dir='ltr'><strong>staret,</strong></span> <span class='ocrx_word' id='word_1_175' title='bbox 286 3561 489 3642; x_wconf 86' lang='lat' dir='ltr'><strong>praeliabatur</strong></span> <span class='ocrx_word' id='word_1_176' title='bbox 495 3584 505 3640; x_wconf 90' lang='lat'>;</span> <span class='ocrx_word' id='word_1_177' title='bbox 538 3581 596 3626; x_wconf 89' lang='lat' dir='ltr'><strong>nec</strong></span> <span class='ocrx_word' id='word_1_178' title='bbox 625 3565 722 3629; x_wconf 91' lang='lat' dir='ltr'><strong>solum</strong></span> <span class='ocrx_word' id='word_1_179' title='bbox 752 3563 973 3646; x_wconf 76' lang='lat' dir='ltr'><strong>praeliabatur,</strong></span> <span class='ocrx_word' id='word_1_180' title='bbox 1004 3560 1059 3624; x_wconf 87' lang='lat' dir='ltr'><strong>sed</strong></span> <span class='ocrx_word' id='word_1_181' title='bbox 1089 3562 1176 3624; x_wconf 87' lang='lat' dir='ltr'><strong>etiarn</strong></span> <span class='ocrx_word' id='word_1_182' title='bbox 1205 3559 1245 3624; x_wconf 87' lang='lat' dir='ltr'><strong>dc</strong></span> 
     </span>
     <span class='ocr_line' id='line_1_23' title="bbox 145 3670 1244 3762; baseline 0 -30"><span class='ocrx_word' id='word_1_183' title='bbox 145 3670 298 3753; x_wconf 82' lang='lat' dir='ltr'><strong>hostibus,</strong></span> <span class='ocrx_word' id='word_1_184' title='bbox 321 3691 398 3754; x_wconf 87' lang='lat' dir='ltr'><strong>quos</strong></span> <span class='ocrx_word' id='word_1_185' title='bbox 420 3691 483 3736; x_wconf 94' lang='lat' dir='ltr'><strong>non</strong></span> <span class='ocrx_word' id='word_1_186' title='bbox 504 3674 690 3756; x_wconf 83' lang='lat' dir='ltr'><strong>contigerat,</strong></span> <span class='ocrx_word' id='word_1_187' title='bbox 713 3673 911 3756; x_wconf 87' lang='lat' dir='ltr'><strong>triumphabat</strong></span> <span class='ocrx_word' id='word_1_188' title='bbox 917 3694 926 3747; x_wconf 93' lang='lat'>;</span> <span class='ocrx_word' id='word_1_189' title='bbox 957 3671 1034 3762; x_wconf 83' lang='lat' dir='ltr'><strong>adeo</strong></span> <span class='ocrx_word' id='word_1_190' title='bbox 1057 3672 1190 3748; x_wconf 76' lang='lat' dir='ltr'><strong>otiosae,</strong></span> <span class='ocrx_word' id='word_1_191' title='bbox 1212 3675 1244 3732; x_wconf 87' lang='lat' dir='ltr'><strong>ut</strong></span> 
     </span>
     <span class='ocr_line' id='line_1_24' title="bbox 145 3783 1243 3867; baseline 0.002 -23"><span class='ocrx_word' id='word_1_192' title='bbox 145 3797 250 3846; x_wconf 85' lang='lat' dir='ltr'><strong>nanus</strong></span> <span class='ocrx_word' id='word_1_193' title='bbox 266 3784 330 3848; x_wconf 87' lang='lat' dir='ltr'><strong>eius</strong></span> <span class='ocrx_word' id='word_1_194' title='bbox 345 3786 394 3848; x_wconf 87' lang='lat' dir='ltr'><strong>alii</strong></span> <span class='ocrx_word' id='word_1_195' title='bbox 410 3787 603 3866; x_wconf 90' lang='lat' dir='ltr'><strong>sustinerent,</strong></span> <span class='ocrx_word' id='word_1_196' title='bbox 625 3787 804 3867; x_wconf 74' lang='lat' dir='ltr'><strong>aeduinus,</strong></span> <span class='ocrx_word' id='word_1_197' title='bbox 825 3804 913 3867; x_wconf 89' lang='lat' dir='ltr'><strong>quam</strong></span> <span class='ocrx_word' id='word_1_198' title='bbox 928 3784 1031 3864; x_wconf 89' lang='lat' dir='ltr'><strong>celeri,</strong></span> <span class='ocrx_word' id='word_1_199' title='bbox 1054 3783 1243 3866; x_wconf 84' lang='lat' dir='ltr'><strong>negotiosus,</strong></span> 
     </span>
    </p>
   </div>
   <div class='ocr_carea' id='block_1_7' title="bbox 147 3945 355 3963">
    <p class='ocr_par' dir='ltr' id='par_1_11' title="bbox 147 3945 355 3963">
     <span class='ocr_line' id='line_1_25' title="bbox 147 3945 355 3963; baseline 0 0"><span class='ocrx_word' id='word_1_200' title='bbox 147 3945 355 3963; x_wconf 41' lang='grc' dir='ltr'>Ἢ</span> 
     </span>
    </p>
   </div>
   <div class='ocr_carea' id='block_1_8' title="bbox 147 4043 1244 4204">
    <p class='ocr_par' dir='ltr' id='par_1_12' title="bbox 147 4043 1244 4204">
     <span class='ocr_line' id='line_1_26' title="bbox 218 4043 1244 4119; baseline -0.001 -21"><span class='ocrx_word' id='word_1_201' title='bbox 218 4044 247 4114; x_wconf 85' lang='grc'><strong>1]</strong></span> <span class='ocrx_word' id='word_1_202' title='bbox 264 4044 355 4100; x_wconf 79' lang='lat' dir='ltr'><strong>Pealm.</strong></span> <span class='ocrx_word' id='word_1_203' title='bbox 374 4048 417 4115; x_wconf 85' lang='lat'><strong>38,</strong></span> <span class='ocrx_word' id='word_1_204' title='bbox 437 4050 463 4106; x_wconf 83' lang='lat'><strong>2.</strong></span> <span class='ocrx_word' id='word_1_205' title='bbox 516 4053 544 4117; x_wconf 85' lang='lat'><strong>2)</strong></span> <span class='ocrx_word' id='word_1_206' title='bbox 563 4050 638 4106; x_wconf 86' lang='lat' dir='ltr'><strong>Prov.</strong></span> <span class='ocrx_word' id='word_1_207' title='bbox 657 4053 683 4119; x_wconf 89' lang='lat'><strong>5,</strong></span> <span class='ocrx_word' id='word_1_208' title='bbox 703 4051 745 4104; x_wconf 84' lang='lat'><strong>15.</strong></span> <span class='ocrx_word' id='word_1_209' title='bbox 800 4051 827 4116; x_wconf 83' lang='lat'><strong>3)</strong></span> <span class='ocrx_word' id='word_1_210' title='bbox 846 4049 921 4103; x_wconf 88' lang='lat' dir='ltr'><strong>Prov.</strong></span> <span class='ocrx_word' id='word_1_211' title='bbox 941 4049 984 4116; x_wconf 86' lang='lat'><strong>20,</strong></span> <span class='ocrx_word' id='word_1_212' title='bbox 1004 4048 1028 4101; x_wconf 89' lang='grc'><strong>5.</strong></span> <span class='ocrx_word' id='word_1_213' title='bbox 1076 4047 1105 4115; x_wconf 82' lang='grc'><strong>4)</strong></span> <span class='ocrx_word' id='word_1_214' title='bbox 1124 4045 1197 4100; x_wconf 85' lang='lat' dir='ltr'><strong>Prov.</strong></span> <span class='ocrx_word' id='word_1_215' title='bbox 1216 4043 1244 4111; x_wconf 81' lang='lat'><strong>5,</strong></span> 
     </span>
     <span class='ocr_line' id='line_1_27' title="bbox 147 4131 566 4204; baseline 0.021 -22"><span class='ocrx_word' id='word_1_216' title='bbox 147 4131 259 4185; x_wconf 82' lang='lat'><strong>17-18.</strong></span> <span class='ocrx_word' id='word_1_217' title='bbox 314 4133 566 4204; x_wconf 79' lang='lat' dir='ltr'><strong>5JExod.1t,15.</strong></span> 
     </span>
    </p>
   </div>
   <div class='ocr_carea' id='block_1_9' title="bbox 0 0 1506 4706">
    <p class='ocr_par' dir='ltr' id='par_1_13' title="bbox 0 0 1506 4706">
     <span class='ocr_line' id='line_1_28' title="bbox 0 0 1506 4706; baseline 0 0"><span class='ocrx_word' id='word_1_218' title='bbox 0 0 1506 4706; x_wconf 95' lang='lat' dir='ltr'><strong> </strong></span> 
     </span>
    </p>
   </div>
  </div>
 </body>
</html>
