2976 4706
244 381 306 448 132
690 385 715 437 S.
734 384 889 440 AllBllOSll

328 539 379 606 ot.
423 541 506 626 Ergo
529 545 598 626 quia
620 545 700 626 quod
725 546 810 625 utile,
835 548 864 610 id
888 548 974 613 etiam
997 551 1120 629 iustum,
1150 551 1256 616 iustum
1279 560 1334 633 cst,

240 663 271 720 ut
292 657 456 722 serviamus
481 657 615 740 Christo,
648 661 698 741 qui
727 679 783 724 uos
815 663 939 726 redemit
946 685 957 742 ;
989 665 1056 729 ideo
1088 665 1172 744 iusti,
1206 668 1255 748 qui
1278 686 1333 749 pro

239 772 304 836 eius
326 775 444 837 nomine
467 792 501 837 se
523 776 610 840 morti
632 777 818 858 optuleruut3
842 778 941 842 iniusti
964 780 1014 861 qui
1038 779 1270 862 declinaverunt,
1294 782 1333 846 de

239 888 345 969 quibus
368 888 450 952 dicit:
471 887 498 974 ¹)
530 889 617 966 Quae
640 891 762 954 utilitas
787 894 821 953 io
842 894 996 974 scopatae
1018 914 1103 972 mec,
1135 894 1164 956 id
1187 902 1252 974 est,
1282 897 1332 978 qui

238 1002 366 1066 iustitiae
389 1022 473 1066 meae
495 1004 675 1086 protectus?
719 1006 803 1070 Unde
825 1016 856 1071 et
878 1009 936 1071 illi:
954 1004 987 1090 ²)
1017 1008 1185 1090 Altlpemos
1207 1011 1332 1086 turtum,

237 1119 313 1199 quio
336 1118 458 1181 inutilis
481 1128 528 1180 est
549 1120 654 1198 cobis,
677 1120 706 1183 id
730 1127 784 1200 est,
808 1122 942 1202 iniustus,
966 1123 1017 1202 qui
1039 1140 1096 1186 nos
1118 1125 1224 1208 arguit,
1254 1142 1332 1188 coo-

236 1231 368 1312 demoat,
393 1233 523 1315 corripit.
568 1235 651 1298 Licet
666 1235 722 1298 hoc
740 1237 835 1317 possit
850 1238 937 1300 etiam
953 1236 990 1298 ad
1006 1238 1158 1299 avaritiam
1181 1237 1331 1302 homiuum

235 1347 389 1429 impiorum
413 1346 550 1427 derivari,
574 1367 650 1430 quae
673 1348 813 1431 perfidiae
837 1350 932 1412 vicina
955 1357 1010 1429 est,
1034 1350 1109 1412 sicut
1124 1351 1154 1413 io
1169 1351 1239 1416 luda
1255 1371 1331 1435 pro-

235 1459 331 1523 ditore
353 1460 497 1542 legimus,
524 1462 573 1542 qui
597 1455 738 1525 auaritiae
761 1461 858 1526 studio
882 1469 912 1526 ct
934 1463 1079 1544 pecuniae
1102 1463 1260 1546 cupiditate
1282 1465 1330 1528 la-

235 1592 344 1656 queum
366 1573 540 1654 proditionis
563 1574 685 1636 incurrit
708 1582 796 1655 atque
819 1575 928 1638 incidit.

322 1684 372 1752 25.
418 1688 463 1750 De
496 1688 551 1750 hae
587 1689 676 1770 igitur
709 1689 890 1752 tractandum
925 1699 971 1754 cst
1005 1691 1145 1771 utilitate,
1185 1712 1262 1774 quac
1293 1695 1332 1756 sit

233 1801 319 1884 plena
342 1801 515 1881 honestatiS,
539 1802 615 1866 sicut
630 1804 702 1884 ipsis
717 1803 818 1865 verbis
839 1803 970 1867 delinivit
992 1806 1145 1888 apostolus
1168 1806 1284 1870 dicens:
1297 1804 1330 1891 ³)

232 1915 301 1979 Hoc
323 1925 424 1978 uatem
447 1919 490 1979 cd
510 1919 673 1980 utilitatem
695 1926 828 1980 cestram
852 1919 935 1996 dico,
961 1939 1024 1982 oco
1047 1929 1081 1981 ut
1103 1921 1244 2000 loqueum
1266 1923 1329 1984 r'oc'-
1371 1919 1374 1928 ’

234 2032 314 2093 ciam
344 2032 452 2107 cobis,
485 2034 606 2095 sadud
628 2034 677 2108 id,
708 2034 791 2114 qood
821 2035 981 2096 tenestem
1010 2043 1064 2096 cst.
1109 2035 1213 2117 Liquet
1240 2036 1330 2118 igitur

233 2144 313 2227 quod
328 2145 484 2208 honestum
501 2153 546 2208 est
562 2145 632 2207 utile
647 2163 726 2225 esse,
751 2151 780 2206 et
797 2145 876 2225 quod
894 2146 975 2224 utile,
998 2145 1172 2222 hoocstum;
1196 2153 1225 2208 et
1248 2149 1328 2230 quod

172 2301 175 2314 ·
234 2260 323 2339 utile,
354 2260 477 2340 iustum,
509 2267 540 2322 et
569 2259 648 2340 quod
679 2261 803 2338 iustum,
835 2260 912 2322 utile.
957 2260 1063 2341 Neque
1093 2261 1170 2322 enim
1201 2262 1270 2323 mihi
1292 2262 1329 2325 ad

231 2382 414 2436 mercatores
437 2373 511 2435 lucri
534 2371 672 2453 cupidine
695 2390 819 2450 avaros,
852 2371 904 2433 sed
929 2371 965 2436 ad
989 2372 1064 2436 lilios
1087 2390 1186 2437 sermo
1212 2380 1273 2454 est,
1300 2382 1330 2437 et

234 2506 333 2551 sermo
358 2487 396 2550 de
419 2487 543 2564 ollrciis,
568 2505 644 2566 quae
667 2488 771 2564 vobis,
803 2503 878 2567 quos
903 2487 981 2578 elegi
1004 2486 1033 2548 in
1056 2487 1249 2551 ministerium
1271 2487 1329 2550 do-

231 2599 316 2680 mini,
340 2599 488 2663 inculcare
511 2599 607 2681 gestio
632 2606 720 2679 atque
743 2597 919 2676 iulunderc,
943 2605 974 2660 ut
997 2617 1049 2677 ea,
1082 2619 1160 2681 quae
1183 2601 1329 2664 mentibus

237 2733 273 2778 ac
294 2714 426 2778 moribus
450 2711 558 2775 vestris
580 2729 637 2774 usu
660 2717 747 2792 atque
772 2713 954 2774 institutione
969 2713 1069 2776 inolita
1086 2721 1173 2795 atque
1197 2716 1330 2798 inpressa

232 2836 314 2910 sunt,
336 2829 423 2892 etiam
445 2845 584 2890 sermone
607 2844 642 2888 ac
665 2825 816 2908 disciplina
840 2828 1017 2909 aperiantur.

318 2939 369 3006 26.
413 2942 513 3023 ltaque
537 2939 574 3002 de
597 2938 719 3002 utilitate
742 2939 891 3020 dicturus,
915 2947 980 3004 utar
1003 2942 1054 3004 illo
1078 2942 1227 3005 versiculo
1253 2959 1327 3023 pro-

232 3056 367 3138 phetico:
384 3053 416 3137 ⁴)
450 3055 583 3117 Decttna
616 3074 670 3117 cor
698 3074 795 3116 meum
827 3056 860 3117 in
889 3057 1066 3118 testimonla
1097 3064 1168 3133 tuo,
1204 3063 1234 3118 et
1265 3075 1329 3119 aon

233 3171 471 3246 incomitiare,
496 3187 534 3230 ne
556 3168 685 3231 utilitatis
708 3187 801 3232 sonus
825 3171 936 3233 excitet
958 3171 1102 3252 pecuniae
1130 3167 1326 3251 cupiditatem.

232 3285 368 3366 Denique
392 3282 481 3364 aliqui
502 3280 624 3343 habeut:
649 3280 784 3342 Decticc
807 3301 862 3344 cor·
885 3300 982 3343 mecm
1005 3284 1038 3344 io
1062 3283 1240 3346 testimonia
1263 3290 1325 3360 too,

234 3407 264 3461 ct
288 3418 350 3461 ooo
381 3399 423 3459 od
454 3397 635 3472 utilitatem,
670 3395 728 3458 lroc
763 3403 825 3475 cst,
861 3396 938 3458 illam
973 3405 1147 3478 quaestuum
1182 3397 1327 3460 nundinas

234 3519 427 3594 aucupantem
451 3511 621 3590 utilitatem,
652 3510 730 3571 illam
753 3527 808 3572 usu
831 3509 981 3574 hominum
1003 3511 1040 3573 ad
1064 3513 1208 3594 pecuniae
1230 3508 1326 3573 studia
1372 3561 1375 3570 ,

234 3627 372 3692 inflexam
405 3644 440 3689 ac
469 3626 639 3688 derivatam.
685 3623 783 3708 Vulgo
815 3627 891 3688 euim
914 3625 972 3688 hoc
994 3625 1088 3688 solum
1117 3624 1218 3689 dicunt
1245 3624 1326 3706 utrle,

235 3740 317 3822 quod
337 3747 566 3822 quaestuosum
589 3758 645 3804 uos
669 3746 765 3802 autem
786 3739 823 3802 de
848 3759 884 3803 ea
913 3746 1070 3803 tractamus
1093 3739 1227 3817 utilitate,
1250 3756 1327 3820 quae

236 3854 349 3918 damnis
377 3856 544 3936 quaeritur,
577 3861 609 3917 ut
631 3853 776 3918 Christum
803 3854 967 3935 lucremur,
1000 3855 1083 3917 cuius
1114 3859 1253 3934 quaestus
1281 3858 1327 3916 est

236 3969 330 4051 pietas
364 3988 429 4032 cum
462 3967 645 4032 sufficientia.
668 3965 701 4053 5)
746 3969 872 4054 Magnus
906 3967 1041 4051 protecto
1075 3973 1232 4050 quaestus,
1265 3987 1325 4050 quo

307 4123 334 4188 ι)
354 4123 444 4177 rasim.
463 4122 507 4189 aa,
525 4124 565 4176 ro.
617 4124 646 4189 ι)
664 4122 788 4189 uelata,
802 4121 842 4175 ro.
896 4122 924 4188 a)
944 4123 966 4175 r.
981 4121 1038 4175 cor.
1053 4123 1078 4188 r,
1092 4122 1134 4175 as.
1187 4124 1216 4191 t)
1234 4085 1323 4180 atara.

239 4211 298 4279 118,
318 4211 358 4264 aa.
431 4211 460 4278 5)
478 4210 541 4263 rau.
560 4210 587 4276 a,
605 4209 630 4263 s.
666 4209 699 4262 cr.
718 4210 742 4264 1.
761 4209 822 4264 rm.
841 4210 868 4278 c,
886 4210 910 4264 c.
